dataset,partition,partition_name,kernel,timestamp,n,features,shape,density,dim_level,size_level,condition,source,anom_rate,auc_mean,auc_std,auc_min,auc_max,fit_time_s,transform_time_s,score_time_s,total_time_s,fit_time_std,auc_per_sec,phi_width,phi_ones_per_point_per_estimator,phi_ones_per_point_per_estimator_normal,phi_ones_per_point_per_estimator_anomaly,n_estimators,max_samples,n_runs
breast_cancer,anne,Voronoi (aNNE),ik,2026-05-23 17:23:25,569,30,spherical,uniform,mid,medium,1,sklearn,62.74,0.309,0.0305,0.2566,0.3399,0.0626,0.5713,0.4951,1.129,0.0131,0.2736,3200,1.0,1.0,1.0,200,16,5
breast_cancer,iforest,Axis-parallel (iForest),ik,2026-05-23 17:23:25,569,30,spherical,uniform,mid,medium,1,sklearn,62.74,0.158,0.0164,0.1416,0.1826,0.5661,0.2732,0.3272,1.1665,0.0806,0.1355,1794,1.0,1.0,1.0,200,16,5
breast_cancer,iforest,Axis-parallel (iForest),idk,2026-05-23 17:23:28,569,30,spherical,uniform,mid,medium,1,sklearn,62.74,0.158,0.0164,0.1416,0.1826,0.7759,0.2182,0.7353,1.7294,0.2808,0.0914,1794,1.0,1.0,1.0,200,16,5
breast_cancer,anne,Voronoi (aNNE),idk,2026-05-23 17:23:28,569,30,spherical,uniform,mid,medium,1,sklearn,62.74,0.309,0.0305,0.2566,0.3399,0.0727,0.4793,1.2041,1.7562,0.0171,0.1759,3200,1.0,1.0,1.0,200,16,5
wbc_uci,anne,Voronoi (aNNE),ik,2026-05-23 17:23:36,699,9,spherical,uniform,mid,small,1,UCI,34.48,0.8902,0.0113,0.8784,0.9079,0.0656,0.7242,0.7495,1.5393,0.0104,0.5783,3200,1.0,1.0,1.0,200,16,5
wbc_uci,anne,Voronoi (aNNE),idk,2026-05-23 17:23:40,699,9,spherical,uniform,mid,small,1,UCI,34.48,0.8902,0.0113,0.8784,0.9079,0.0713,0.5977,1.7362,2.4051,0.0168,0.3701,3200,1.0,1.0,1.0,200,16,5
breast_cancer,inne-overlapping,Hypersphere (iNNE) Overlapping,ik,2026-05-23 17:24:12,569,30,spherical,uniform,mid,medium,1,sklearn,62.74,0.8891,0.0256,0.8388,0.9058,3.5611,3.8928,3.1908,10.6447,1.2399,0.0835,3200,0.3463,0.5086,0.2499,200,16,5
breast_cancer,inne-overlapping,Hypersphere (iNNE) Overlapping,idk,2026-05-23 17:24:18,569,30,spherical,uniform,mid,medium,1,sklearn,62.74,0.4586,0.03,0.4019,0.49,3.5375,3.3299,4.8099,11.6773,1.1554,0.0393,3200,0.3463,0.5086,0.2499,200,16,5
breast_cancer,inne,Hypersphere (iNNE),ik,2026-05-23 17:24:29,569,30,spherical,uniform,mid,medium,1,sklearn,62.74,0.9068,0.0346,0.8461,0.938,2.6804,4.7378,6.4924,13.9106,1.5454,0.0652,3200,0.0868,0.1455,0.052,200,16,5
breast_cancer,inne,Hypersphere (iNNE),idk,2026-05-23 17:24:33,569,30,spherical,uniform,mid,medium,1,sklearn,62.74,0.8963,0.0523,0.7997,0.9387,2.6306,5.6098,6.5576,14.798,1.5439,0.0606,3200,0.0868,0.1455,0.052,200,16,5
wbc_uci,inne,Hypersphere (iNNE),ik,2026-05-23 17:24:39,699,9,spherical,uniform,mid,small,1,UCI,34.48,0.0505,0.0044,0.046,0.0574,2.4408,4.8383,5.4044,12.6835,0.2877,0.004,3200,0.2467,0.1651,0.4017,200,16,5
wbc_uci,iforest,Axis-parallel (iForest),ik,2026-05-23 17:24:39,699,9,spherical,uniform,mid,small,1,UCI,34.48,0.9933,0.0004,0.9927,0.9936,1.2171,0.3994,0.4758,2.0923,0.1899,0.4747,1757,1.0,1.0,1.0,200,16,5
wbc_uci,iforest,Axis-parallel (iForest),idk,2026-05-23 17:24:50,699,9,spherical,uniform,mid,small,1,UCI,34.48,0.9933,0.0004,0.9927,0.9936,1.3629,0.3934,1.4964,3.2528,0.1874,0.3054,1757,1.0,1.0,1.0,200,16,5
wbc_uci,inne,Hypersphere (iNNE),idk,2026-05-23 17:24:50,699,9,spherical,uniform,mid,small,1,UCI,34.48,0.0397,0.0031,0.0351,0.0436,3.0475,5.1689,5.6615,13.8778,0.7318,0.0029,3200,0.2467,0.1651,0.4017,200,16,5
breastw,anne,Voronoi (aNNE),ik,2026-05-23 17:24:57,683,9,spherical,uniform,low,small,1,ADBench,34.99,0.8889,0.0188,0.8655,0.9069,0.0543,0.6602,0.6892,1.4037,0.0081,0.6332,3200,1.0,1.0,1.0,200,16,5
breastw,anne,Voronoi (aNNE),idk,2026-05-23 17:25:00,683,9,spherical,uniform,low,small,1,ADBench,34.99,0.8889,0.0188,0.8655,0.9069,0.0543,0.6218,1.3585,2.0345,0.0043,0.4369,3200,1.0,1.0,1.0,200,16,5
wbc_uci,inne-overlapping,Hypersphere (iNNE) Overlapping,ik,2026-05-23 17:25:01,699,9,spherical,uniform,mid,small,1,UCI,34.48,0.0238,0.0015,0.0219,0.0257,2.2857,3.8995,3.4609,9.6461,0.655,0.0025,3200,0.62,0.4022,1.0339,200,16,5
wbc_uci,inne-overlapping,Hypersphere (iNNE) Overlapping,idk,2026-05-23 17:25:08,699,9,spherical,uniform,mid,small,1,UCI,34.48,0.3384,0.0981,0.1523,0.4285,1.9388,3.4036,4.6081,9.9505,0.2517,0.034,3200,0.62,0.4022,1.0339,200,16,5
breastw,inne-overlapping,Hypersphere (iNNE) Overlapping,ik,2026-05-23 17:25:40,683,9,spherical,uniform,low,small,1,ADBench,34.99,0.0243,0.0043,0.0188,0.032,1.7776,2.9326,3.1687,7.879,0.1047,0.0031,3200,0.6674,0.4355,1.0982,200,16,5
breastw,inne,Hypersphere (iNNE),ik,2026-05-23 17:25:44,683,9,spherical,uniform,low,small,1,ADBench,34.99,0.052,0.0055,0.0442,0.0607,1.6363,3.7731,3.8998,9.3092,0.1636,0.0056,3200,0.2525,0.1675,0.4103,200,16,5
breastw,iforest,Axis-parallel (iForest),ik,2026-05-23 17:25:52,683,9,spherical,uniform,low,small,1,ADBench,34.99,0.9945,0.0008,0.993,0.9952,1.2883,0.4054,0.5866,2.2804,0.207,0.4361,1765,1.0,1.0,1.0,200,16,5
breastw,inne,Hypersphere (iNNE),idk,2026-05-23 17:25:55,683,9,spherical,uniform,low,small,1,ADBench,34.99,0.0424,0.003,0.0379,0.0451,1.8061,4.0368,5.1597,11.0026,0.1474,0.0038,3200,0.2525,0.1675,0.4103,200,16,5
breastw,inne-overlapping,Hypersphere (iNNE) Overlapping,idk,2026-05-23 17:25:57,683,9,spherical,uniform,low,small,1,ADBench,34.99,0.3392,0.0893,0.2382,0.4833,1.6706,3.6322,4.4721,9.7749,0.2553,0.0347,3200,0.6674,0.4355,1.0982,200,16,5
wbc,anne,Voronoi (aNNE),ik,2026-05-23 17:26:01,223,9,spherical,uniform,mid,small,1,ADBench,4.48,0.98,0.0036,0.9758,0.9864,0.0505,0.3844,0.439,0.8739,0.0086,1.1215,3200,1.0,1.0,1.0,200,16,5
breastw,iforest,Axis-parallel (iForest),idk,2026-05-23 17:26:02,683,9,spherical,uniform,low,small,1,ADBench,34.99,0.9945,0.0008,0.993,0.9952,1.5289,0.4381,1.6288,3.5958,0.3595,0.2766,1765,1.0,1.0,1.0,200,16,5
wbc,anne,Voronoi (aNNE),idk,2026-05-23 17:26:04,223,9,spherical,uniform,mid,small,1,ADBench,4.48,0.98,0.0036,0.9758,0.9864,0.0469,0.2176,0.3321,0.5966,0.0063,1.6425,3200,1.0,1.0,1.0,200,16,5
wbc,inne,Hypersphere (iNNE),ik,2026-05-23 17:26:17,223,9,spherical,uniform,mid,small,1,ADBench,4.48,0.0162,0.0011,0.015,0.0183,1.1149,0.861,1.004,2.9798,0.0555,0.0054,3200,0.105,0.0918,0.3864,200,16,5
wbc,inne,Hypersphere (iNNE),idk,2026-05-23 17:26:20,223,9,spherical,uniform,mid,small,1,ADBench,4.48,0.0174,0.0012,0.0164,0.0197,1.2144,0.9103,1.1362,3.261,0.0813,0.0053,3200,0.105,0.0918,0.3864,200,16,5
wbc,inne-overlapping,Hypersphere (iNNE) Overlapping,ik,2026-05-23 17:26:31,223,9,spherical,uniform,mid,small,1,ADBench,4.48,0.2262,0.0231,0.1836,0.2469,1.2753,0.6572,0.8306,2.7631,0.3525,0.0819,3200,0.4603,0.4531,0.6134,200,16,5
wbc,iforest,Axis-parallel (iForest),ik,2026-05-23 17:26:34,223,9,spherical,uniform,mid,small,1,ADBench,4.48,0.995,0.0007,0.9941,0.9958,0.5108,0.1203,0.1318,0.7628,0.0705,1.3044,1661,1.0,1.0,1.0,200,16,5
wbc,inne-overlapping,Hypersphere (iNNE) Overlapping,idk,2026-05-23 17:26:44,223,9,spherical,uniform,mid,small,1,ADBench,4.48,0.713,0.0404,0.6559,0.7784,1.5111,1.4482,1.6845,4.6438,0.5004,0.1535,3200,0.4603,0.4531,0.6134,200,16,5
wbc,iforest,Axis-parallel (iForest),idk,2026-05-23 17:26:45,223,9,spherical,uniform,mid,small,1,ADBench,4.48,0.995,0.0007,0.9941,0.9958,1.042,0.3347,0.785,2.1617,0.3739,0.4603,1661,1.0,1.0,1.0,200,16,5
wbc,sciforest,Random hyperplane (SCiForest),ik,2026-05-23 17:31:02,223,9,spherical,uniform,mid,small,1,ADBench,4.48,0.993,0.0014,0.9911,0.9953,19.301,16.0229,16.2577,51.5816,0.6499,0.0193,2393,1.0,1.0,1.0,200,16,5
wbc,sciforest,Random hyperplane (SCiForest),idk,2026-05-23 17:31:05,223,9,spherical,uniform,mid,small,1,ADBench,4.48,0.993,0.0014,0.9911,0.9953,19.0829,16.1609,16.6145,51.8583,0.4672,0.0191,2393,1.0,1.0,1.0,200,16,5
ionosphere,anne,Voronoi (aNNE),ik,2026-05-23 17:31:11,351,32,elliptical,uniform,mid,small,2,ADBench,35.9,0.3889,0.0126,0.3694,0.4063,0.0517,0.8449,0.8859,1.7825,0.0039,0.2182,3200,1.0,1.0,1.0,200,16,5
ionosphere,anne,Voronoi (aNNE),idk,2026-05-23 17:31:16,351,32,elliptical,uniform,mid,small,2,ADBench,35.9,0.3889,0.0126,0.3694,0.4063,0.0494,0.803,1.3101,2.1626,0.0017,0.1798,3200,1.0,1.0,1.0,200,16,5
ionosphere,inne,Hypersphere (iNNE),ik,2026-05-23 17:31:44,351,32,elliptical,uniform,mid,small,2,ADBench,35.9,0.7183,0.0212,0.6809,0.7353,1.6476,2.5816,2.4178,6.6471,0.0673,0.1081,3200,0.2854,0.3274,0.2103,200,16,5
ionosphere,inne,Hypersphere (iNNE),idk,2026-05-23 17:31:54,351,32,elliptical,uniform,mid,small,2,ADBench,35.9,0.6976,0.0248,0.6566,0.7234,1.8102,2.8308,3.1087,7.7498,0.2024,0.09,3200,0.2854,0.3274,0.2103,200,16,5
ionosphere,inne-overlapping,Hypersphere (iNNE) Overlapping,ik,2026-05-23 17:32:37,351,32,elliptical,uniform,mid,small,2,ADBench,35.9,0.7361,0.0045,0.7306,0.7436,1.5863,4.0195,4.9194,10.5252,0.0513,0.0699,3200,4.4551,4.7567,3.9165,200,16,5
ionosphere,iforest,Axis-parallel (iForest),ik,2026-05-23 17:32:47,351,32,elliptical,uniform,mid,small,2,ADBench,35.9,0.7891,0.0068,0.7801,0.7974,1.2646,0.3498,0.3684,1.9829,0.2219,0.398,1815,1.0,1.0,1.0,200,16,5
ionosphere,inne-overlapping,Hypersphere (iNNE) Overlapping,idk,2026-05-23 17:32:57,351,32,elliptical,uniform,mid,small,2,ADBench,35.9,0.5135,0.0148,0.4904,0.5328,1.8368,4.7801,5.9731,12.5901,0.2485,0.0408,3200,4.4551,4.7567,3.9165,200,16,5
ionosphere,iforest,Axis-parallel (iForest),idk,2026-05-23 17:33:02,351,32,elliptical,uniform,mid,small,2,ADBench,35.9,0.7891,0.0068,0.7801,0.7974,1.4325,0.4115,1.2246,3.0687,0.0598,0.2571,1815,1.0,1.0,1.0,200,16,5
breast_cancer,sciforest,Random hyperplane (SCiForest),idk,2026-05-23 17:33:35,569,30,spherical,uniform,mid,medium,1,sklearn,62.74,0.3715,0.0565,0.2923,0.4414,40.7939,37.759,43.2882,121.8411,8.4349,0.003,3109,1.0,1.0,1.0,200,16,5
syn_moons_ad,anne,Voronoi (aNNE),ik,2026-05-23 17:33:47,1000,2,crescent,uniform,low,medium,3,sklearn_gen,5.0,0.9044,0.0172,0.8837,0.9275,0.0556,1.1145,1.2141,2.3842,0.0063,0.3793,3200,1.0,1.0,1.0,200,16,5
breast_cancer,sciforest,Random hyperplane (SCiForest),ik,2026-05-23 17:33:54,569,30,spherical,uniform,mid,medium,1,sklearn,62.74,0.3715,0.0565,0.2923,0.4414,41.0158,40.8381,43.9771,125.831,8.6227,0.003,3109,1.0,1.0,1.0,200,16,5
syn_moons_ad,anne,Voronoi (aNNE),idk,2026-05-23 17:34:05,1000,2,crescent,uniform,low,medium,3,sklearn_gen,5.0,0.9044,0.0172,0.8837,0.9275,0.0601,0.8853,2.5872,3.5326,0.0097,0.256,3200,1.0,1.0,1.0,200,16,5
syn_moons_ad,inne,Hypersphere (iNNE),ik,2026-05-23 17:34:53,1000,2,crescent,uniform,low,medium,3,sklearn_gen,5.0,0.9436,0.0209,0.9169,0.9707,1.7603,4.9412,5.0637,11.7653,0.188,0.0802,3200,0.0581,0.0596,0.0281,200,16,5
syn_moons_ad,inne,Hypersphere (iNNE),idk,2026-05-23 17:35:11,1000,2,crescent,uniform,low,medium,3,sklearn_gen,5.0,0.9473,0.0175,0.9287,0.9717,1.9107,4.9117,6.4694,13.2918,0.1047,0.0713,3200,0.0581,0.0596,0.0281,200,16,5
syn_moons_ad,inne-overlapping,Hypersphere (iNNE) Overlapping,ik,2026-05-23 17:35:31,1000,2,crescent,uniform,low,medium,3,sklearn_gen,5.0,0.9436,0.0209,0.9169,0.9707,1.8531,2.7537,2.8942,7.501,0.1464,0.1258,3200,0.0581,0.0596,0.0281,200,16,5
syn_moons_ad,iforest,Axis-parallel (iForest),ik,2026-05-23 17:35:44,1000,2,crescent,uniform,low,medium,3,sklearn_gen,5.0,0.8789,0.0086,0.871,0.8954,1.4242,0.4387,0.6734,2.5362,0.4523,0.3465,1950,1.0,1.0,1.0,200,16,5
syn_moons_ad,inne-overlapping,Hypersphere (iNNE) Overlapping,idk,2026-05-23 17:36:00,1000,2,crescent,uniform,low,medium,3,sklearn_gen,5.0,0.9473,0.0175,0.9287,0.9717,1.6877,3.1959,4.7417,9.6253,0.2169,0.0984,3200,0.0581,0.0596,0.0281,200,16,5
syn_moons_ad,iforest,Axis-parallel (iForest),idk,2026-05-23 17:36:08,1000,2,crescent,uniform,low,medium,3,sklearn_gen,5.0,0.8789,0.0086,0.871,0.8954,1.5643,0.6351,2.5031,4.7026,0.3871,0.1869,1950,1.0,1.0,1.0,200,16,5
wbc_uci,sciforest,Random hyperplane (SCiForest),ik,2026-05-23 17:36:39,699,9,spherical,uniform,mid,small,1,UCI,34.48,0.9926,0.0009,0.9911,0.9937,47.0494,48.4753,48.2938,143.8185,1.0261,0.0069,2249,1.0,1.0,1.0,200,16,5
vowels,anne,Voronoi (aNNE),ik,2026-05-23 17:36:48,1456,12,irregular,uniform,low,medium,3,ADBench,3.43,0.9204,0.0241,0.8841,0.9473,0.0578,0.7908,0.9534,1.8019,0.0057,0.5108,3200,1.0,1.0,1.0,200,16,5
wbc_uci,sciforest,Random hyperplane (SCiForest),idk,2026-05-23 17:37:01,699,9,spherical,uniform,mid,small,1,UCI,34.48,0.9926,0.0009,0.9911,0.9937,48.1151,48.0934,52.0519,148.2604,2.0419,0.0067,2249,1.0,1.0,1.0,200,16,5
vowels,anne,Voronoi (aNNE),idk,2026-05-23 17:37:05,1456,12,irregular,uniform,low,medium,3,ADBench,3.43,0.9204,0.0241,0.8841,0.9473,0.0586,0.7441,2.5735,3.3762,0.0039,0.2726,3200,1.0,1.0,1.0,200,16,5
breastw,sciforest,Random hyperplane (SCiForest),ik,2026-05-23 17:37:45,683,9,spherical,uniform,low,small,1,ADBench,34.99,0.9938,0.0007,0.9929,0.9944,48.607,47.2893,46.646,142.5423,3.0589,0.007,2254,1.0,1.0,1.0,200,16,5
breastw,sciforest,Random hyperplane (SCiForest),idk,2026-05-23 17:37:49,683,9,spherical,uniform,low,small,1,ADBench,34.99,0.9938,0.0007,0.9929,0.9944,48.2485,46.3291,48.0597,142.6373,3.2406,0.007,2254,1.0,1.0,1.0,200,16,5
vowels,inne,Hypersphere (iNNE),ik,2026-05-23 17:37:50,1456,12,irregular,uniform,low,medium,3,ADBench,3.43,0.8865,0.0277,0.8437,0.927,1.7588,3.9279,4.13,9.8167,0.1382,0.0903,3200,0.1021,0.1038,0.052,200,16,5
vowels,inne,Hypersphere (iNNE),idk,2026-05-23 17:38:04,1456,12,irregular,uniform,low,medium,3,ADBench,3.43,0.8863,0.0268,0.8529,0.9283,1.6584,4.1168,5.9987,11.7739,0.1646,0.0753,3200,0.1021,0.1038,0.052,200,16,5
vowels,iforest,Axis-parallel (iForest),ik,2026-05-23 17:38:05,1456,12,irregular,uniform,low,medium,3,ADBench,3.43,0.6204,0.029,0.5803,0.669,1.39,0.6025,0.8618,2.8544,0.1592,0.2174,1873,1.0,1.0,1.0,200,16,5
vowels,iforest,Axis-parallel (iForest),idk,2026-05-23 17:38:33,1456,12,irregular,uniform,low,medium,3,ADBench,3.43,0.6204,0.029,0.5803,0.669,1.5609,0.6522,3.5327,5.7458,0.2802,0.108,1873,1.0,1.0,1.0,200,16,5
vowels,inne-overlapping,Hypersphere (iNNE) Overlapping,ik,2026-05-23 17:38:39,1456,12,irregular,uniform,low,medium,3,ADBench,3.43,0.8291,0.0396,0.777,0.8919,1.9568,4.4335,4.3975,10.7879,0.2995,0.0769,3200,0.115,0.1168,0.0626,200,16,5
lympho,anne,Voronoi (aNNE),ik,2026-05-23 17:38:44,148,18,irregular,sparse,low,small,3,ADBench,4.05,0.9986,0.0017,0.9953,1.0,0.0487,0.5172,0.4753,1.0411,0.0029,0.9592,3200,1.0,1.0,1.0,200,16,5
lympho,anne,Voronoi (aNNE),idk,2026-05-23 17:38:49,148,18,irregular,sparse,low,small,3,ADBench,4.05,0.9986,0.0017,0.9953,1.0,0.0516,0.3765,0.5864,1.0145,0.0029,0.9843,3200,1.0,1.0,1.0,200,16,5
vowels,inne-overlapping,Hypersphere (iNNE) Overlapping,idk,2026-05-23 17:38:54,1456,12,irregular,uniform,low,medium,3,ADBench,3.43,0.747,0.1054,0.5845,0.8683,2.017,4.0719,6.884,12.973,0.284,0.0576,3200,0.115,0.1168,0.0626,200,16,5
lympho,inne,Hypersphere (iNNE),ik,2026-05-23 17:39:14,148,18,irregular,sparse,low,small,3,ADBench,4.05,0.969,0.0115,0.9484,0.9824,1.7896,1.5524,1.6406,4.9826,0.1012,0.1945,3200,0.647,0.6552,0.4538,200,16,5
lympho,inne,Hypersphere (iNNE),idk,2026-05-23 17:39:20,148,18,irregular,sparse,low,small,3,ADBench,4.05,0.9819,0.0074,0.9695,0.9918,1.7638,1.6575,1.8238,5.2451,0.0571,0.1872,3200,0.647,0.6552,0.4538,200,16,5
lympho,inne-overlapping,Hypersphere (iNNE) Overlapping,ik,2026-05-23 17:39:46,148,18,irregular,sparse,low,small,3,ADBench,4.05,0.9958,0.0016,0.993,0.9977,1.7892,2.04,2.4285,6.2576,0.3545,0.1591,3200,4.2703,4.3856,1.5428,200,16,5
lympho,iforest,Axis-parallel (iForest),ik,2026-05-23 17:39:54,148,18,irregular,sparse,low,small,3,ADBench,4.05,0.9938,0.0026,0.9894,0.9971,1.087,0.2886,0.2839,1.6595,0.2452,0.5988,1977,1.0,1.0,1.0,200,16,5
lympho,inne-overlapping,Hypersphere (iNNE) Overlapping,idk,2026-05-23 17:39:57,148,18,irregular,sparse,low,small,3,ADBench,4.05,0.9897,0.0009,0.9883,0.9906,1.925,2.3399,3.1672,7.4321,0.3041,0.1332,3200,4.2703,4.3856,1.5428,200,16,5
ionosphere,sciforest,Random hyperplane (SCiForest),ik,2026-05-23 17:39:59,351,32,elliptical,uniform,mid,small,2,ADBench,35.9,0.7919,0.0283,0.7514,0.8372,29.2565,27.8081,27.1667,84.2313,0.6486,0.0094,3067,1.0,1.0,1.0,200,16,5
lympho,iforest,Axis-parallel (iForest),idk,2026-05-23 17:40:05,148,18,irregular,sparse,low,small,3,ADBench,4.05,0.9938,0.0026,0.9894,0.9971,1.1272,0.3453,0.6561,2.1285,0.4458,0.4669,1977,1.0,1.0,1.0,200,16,5
ionosphere,sciforest,Random hyperplane (SCiForest),idk,2026-05-23 17:40:11,351,32,elliptical,uniform,mid,small,2,ADBench,35.9,0.7919,0.0283,0.7514,0.8372,30.4193,27.1644,28.2249,85.8087,1.2362,0.0092,3067,1.0,1.0,1.0,200,16,5
thyroid,anne,Voronoi (aNNE),ik,2026-05-23 17:40:21,3772,6,mixed,varying,low,medium,5,ADBench,2.47,0.9158,0.0103,0.8993,0.9278,0.0669,1.0188,2.136,3.2217,0.0038,0.2843,3200,1.0,1.0,1.0,200,16,5
thyroid,anne,Voronoi (aNNE),idk,2026-05-23 17:40:53,3772,6,mixed,varying,low,medium,5,ADBench,2.47,0.9158,0.0103,0.8993,0.9278,0.0708,1.5264,6.6905,8.2877,0.0033,0.1105,3200,1.0,1.0,1.0,200,16,5
thyroid,inne,Hypersphere (iNNE),ik,2026-05-23 17:41:17,3772,6,mixed,varying,low,medium,5,ADBench,2.47,0.401,0.0097,0.3891,0.4161,1.8187,4.2776,4.9678,11.064,0.4188,0.0362,3200,0.0077,0.0076,0.0092,200,16,5
thyroid,inne-overlapping,Hypersphere (iNNE) Overlapping,ik,2026-05-23 17:42:00,3772,6,mixed,varying,low,medium,5,ADBench,2.47,0.3348,0.0579,0.2529,0.419,2.0136,3.1391,3.4662,8.6189,0.4303,0.0388,3200,0.008,0.0079,0.0127,200,16,5
thyroid,inne,Hypersphere (iNNE),idk,2026-05-23 17:42:08,3772,6,mixed,varying,low,medium,5,ADBench,2.47,0.3993,0.0099,0.3867,0.4124,1.7481,4.4013,8.8109,14.9603,0.1861,0.0267,3200,0.0077,0.0076,0.0092,200,16,5
lympho,sciforest,Random hyperplane (SCiForest),ik,2026-05-23 17:42:19,148,18,irregular,sparse,low,small,3,ADBench,4.05,0.9908,0.0071,0.98,1.0,9.2468,9.2763,9.7203,28.2435,0.8279,0.0351,2225,1.0,1.0,1.0,200,16,5
lympho,sciforest,Random hyperplane (SCiForest),idk,2026-05-23 17:42:19,148,18,irregular,sparse,low,small,3,ADBench,4.05,0.9908,0.0071,0.98,1.0,9.4418,8.7449,9.9283,28.115,0.5616,0.0352,2225,1.0,1.0,1.0,200,16,5
thyroid,iforest,Axis-parallel (iForest),ik,2026-05-23 17:42:35,3772,6,mixed,varying,low,medium,5,ADBench,2.47,0.9854,0.0063,0.9777,0.9922,1.3876,0.9029,3.0352,5.3257,0.436,0.185,1679,1.0,1.0,1.0,200,16,5
thyroid,inne-overlapping,Hypersphere (iNNE) Overlapping,idk,2026-05-23 17:43:19,3772,6,mixed,varying,low,medium,5,ADBench,2.47,0.3358,0.0543,0.2593,0.4165,1.6935,3.6016,10.3472,15.6424,0.3869,0.0215,3200,0.008,0.0079,0.0127,200,16,5
thyroid,iforest,Axis-parallel (iForest),idk,2026-05-23 17:43:21,3772,6,mixed,varying,low,medium,5,ADBench,2.47,0.9854,0.0063,0.9777,0.9922,2.1316,1.2711,8.9372,12.3399,0.6258,0.0799,1679,1.0,1.0,1.0,200,16,5
cardio,anne,Voronoi (aNNE),ik,2026-05-23 17:43:29,1831,21,mixed,varying,mid,medium,5,ADBench,9.61,0.9537,0.0035,0.9487,0.9585,0.0554,0.9014,1.1269,2.0837,0.0019,0.4577,3200,1.0,1.0,1.0,200,16,5
cardio,anne,Voronoi (aNNE),idk,2026-05-23 17:43:39,1831,21,mixed,varying,mid,medium,5,ADBench,9.61,0.9537,0.0035,0.9487,0.9585,0.056,0.7823,2.7842,3.6225,0.0018,0.2633,3200,1.0,1.0,1.0,200,16,5
cardio,inne,Hypersphere (iNNE),ik,2026-05-23 17:44:15,1831,21,mixed,varying,mid,medium,5,ADBench,9.61,0.3281,0.0194,0.2944,0.3506,1.6056,3.9491,3.6517,9.2063,0.0508,0.0356,3200,0.1635,0.1563,0.2313,200,16,5
cardio,inne,Hypersphere (iNNE),idk,2026-05-23 17:44:34,1831,21,mixed,varying,mid,medium,5,ADBench,9.61,0.4305,0.0309,0.386,0.4655,1.587,3.492,5.8387,10.9177,0.1733,0.0394,3200,0.1635,0.1563,0.2313,200,16,5
cardio,inne-overlapping,Hypersphere (iNNE) Overlapping,ik,2026-05-23 17:45:02,1831,21,mixed,varying,mid,medium,5,ADBench,9.61,0.6037,0.0485,0.5615,0.6943,1.5572,3.7869,3.8711,9.2152,0.0743,0.0655,3200,0.4261,0.4283,0.4055,200,16,5
cardio,iforest,Axis-parallel (iForest),ik,2026-05-23 17:45:20,1831,21,mixed,varying,mid,medium,5,ADBench,9.61,0.9205,0.0115,0.9047,0.9383,1.6592,0.8048,1.2225,3.6864,0.4828,0.2497,1810,1.0,1.0,1.0,200,16,5
cardio,inne-overlapping,Hypersphere (iNNE) Overlapping,idk,2026-05-23 17:45:42,1831,21,mixed,varying,mid,medium,5,ADBench,9.61,0.5979,0.05,0.5352,0.6656,1.9322,3.8803,7.8759,13.6885,0.4992,0.0437,3200,0.4261,0.4283,0.4055,200,16,5
cardio,iforest,Axis-parallel (iForest),idk,2026-05-23 17:45:57,1831,21,mixed,varying,mid,medium,5,ADBench,9.61,0.9205,0.0115,0.9047,0.9383,1.7482,0.6942,4.8448,7.2873,0.6252,0.1263,1810,1.0,1.0,1.0,200,16,5
syn_moons_ad,sciforest,Random hyperplane (SCiForest),ik,2026-05-23 17:53:51,1000,2,crescent,uniform,low,medium,3,sklearn_gen,5.0,0.9355,0.0187,0.9018,0.9545,71.8473,70.4662,71.834,214.1475,2.2115,0.0044,3168,1.0,1.0,1.0,200,16,5
syn_moons_ad,sciforest,Random hyperplane (SCiForest),idk,2026-05-23 17:54:20,1000,2,crescent,uniform,low,medium,3,sklearn_gen,5.0,0.9355,0.0187,0.9018,0.9545,74.0615,70.4789,73.9413,218.4817,2.7745,0.0043,3168,1.0,1.0,1.0,200,16,5
satellite,anne,Voronoi (aNNE),ik,2026-05-23 17:54:25,6435,36,mixed,varying,high,large,6,ADBench,31.64,0.7784,0.0025,0.7749,0.7811,0.0953,1.9728,4.721,6.7891,0.0093,0.1146,3200,1.0,1.0,1.0,200,16,5
satellite,anne,Voronoi (aNNE),idk,2026-05-23 17:55:36,6435,36,mixed,varying,high,large,6,ADBench,31.64,0.7784,0.0025,0.7749,0.7811,0.0848,1.932,12.9542,14.971,0.0042,0.052,3200,1.0,1.0,1.0,200,16,5
satellite,inne,Hypersphere (iNNE),ik,2026-05-23 17:56:16,6435,36,mixed,varying,high,large,6,ADBench,31.64,0.5526,0.0278,0.5086,0.5909,2.6004,9.3143,10.1055,22.0203,0.1772,0.0251,3200,0.2169,0.1926,0.2694,200,16,5
satellite,inne,Hypersphere (iNNE),idk,2026-05-23 17:58:14,6435,36,mixed,varying,high,large,6,ADBench,31.64,0.6594,0.0361,0.6291,0.7238,2.2846,10.0217,19.3233,31.6297,0.1755,0.0208,3200,0.2169,0.1926,0.2694,200,16,5
satellite,inne-overlapping,Hypersphere (iNNE) Overlapping,ik,2026-05-23 17:58:32,6435,36,mixed,varying,high,large,6,ADBench,31.64,0.4494,0.0351,0.3927,0.4975,2.4941,8.6993,15.9832,27.1767,0.1174,0.0165,3200,0.6733,0.6573,0.7077,200,16,5
satellite,iforest,Axis-parallel (iForest),ik,2026-05-23 17:59:27,6435,36,mixed,varying,high,large,6,ADBench,31.64,0.6449,0.0285,0.6118,0.6909,2.1607,1.953,6.8421,10.9558,0.1681,0.0589,1881,1.0,1.0,1.0,200,16,5
satellite,inne-overlapping,Hypersphere (iNNE) Overlapping,idk,2026-05-23 18:01:03,6435,36,mixed,varying,high,large,6,ADBench,31.64,0.4911,0.0071,0.4846,0.5006,2.5816,9.5841,21.5768,33.7424,0.9137,0.0146,3200,0.6733,0.6573,0.7077,200,16,5
satellite,iforest,Axis-parallel (iForest),idk,2026-05-23 18:01:14,6435,36,mixed,varying,high,large,6,ADBench,31.64,0.6449,0.0285,0.6118,0.6909,2.0284,1.9258,17.2079,21.1621,0.0919,0.0305,1881,1.0,1.0,1.0,200,16,5
vowels,sciforest,Random hyperplane (SCiForest),ik,2026-05-23 18:06:02,1456,12,irregular,uniform,low,medium,3,ADBench,3.43,0.7423,0.0724,0.6415,0.8219,107.8917,111.4869,115.8995,335.2781,5.2333,0.0022,3149,1.0,1.0,1.0,200,16,5
musk,anne,Voronoi (aNNE),ik,2026-05-23 18:06:18,3062,166,mixed,uniform,vhigh,medium,6,ADBench,3.17,0.9732,0.009,0.961,0.9839,0.0715,1.2261,1.9581,3.2557,0.0067,0.2989,3200,1.0,1.0,1.0,200,16,5
musk,anne,Voronoi (aNNE),idk,2026-05-23 18:06:49,3062,166,mixed,uniform,vhigh,medium,6,ADBench,3.17,0.9732,0.009,0.961,0.9839,0.0717,0.9929,5.1608,6.2253,0.0037,0.1563,3200,1.0,1.0,1.0,200,16,5
vowels,sciforest,Random hyperplane (SCiForest),idk,2026-05-23 18:07:53,1456,12,irregular,uniform,low,medium,3,ADBench,3.43,0.7423,0.0724,0.6414,0.8219,116.7901,119.9614,115.2109,351.9623,4.0079,0.0021,3149,1.0,1.0,1.0,200,16,5
musk,inne,Hypersphere (iNNE),ik,2026-05-23 18:08:17,3062,166,mixed,uniform,vhigh,medium,6,ADBench,3.17,0.9911,0.0037,0.9857,0.9954,2.0024,7.6982,7.8649,17.5655,0.1737,0.0564,3200,0.9411,0.9436,0.8649,200,16,5
musk,inne,Hypersphere (iNNE),idk,2026-05-23 18:10:20,3062,166,mixed,uniform,vhigh,medium,6,ADBench,3.17,0.986,0.0058,0.9758,0.9918,2.4271,9.8261,17.1107,29.364,0.7792,0.0336,3200,0.9411,0.9436,0.8649,200,16,5
musk,inne-overlapping,Hypersphere (iNNE) Overlapping,idk,2026-05-23 18:15:09,3062,166,mixed,uniform,vhigh,medium,6,ADBench,3.17,0.0138,0.0065,0.0051,0.0251,3.2304,19.8769,34.6484,57.7557,0.4061,0.0002,3200,11.369,11.3871,10.814,200,16,5
musk,inne-overlapping,Hypersphere (iNNE) Overlapping,ik,2026-05-23 18:15:24,3062,166,mixed,uniform,vhigh,medium,6,ADBench,3.17,0.5819,0.0379,0.5187,0.6328,2.4591,14.8475,67.8999,85.2065,0.6894,0.0068,3200,11.369,11.3871,10.814,200,16,5
musk,iforest,Axis-parallel (iForest),ik,2026-05-23 18:15:38,3062,166,mixed,uniform,vhigh,medium,6,ADBench,3.17,0.867,0.0426,0.794,0.9187,2.2188,1.0647,2.347,5.6304,0.7177,0.154,1895,1.0,1.0,1.0,200,16,5
musk,iforest,Axis-parallel (iForest),idk,2026-05-23 18:16:22,3062,166,mixed,uniform,vhigh,medium,6,ADBench,3.17,0.867,0.0426,0.794,0.9187,1.977,0.9917,8.6234,11.5921,0.5692,0.0748,1895,1.0,1.0,1.0,200,16,5
cardio,sciforest,Random hyperplane (SCiForest),ik,2026-05-23 18:21:50,1831,21,mixed,varying,mid,medium,5,ADBench,9.61,0.924,0.0183,0.8914,0.9427,145.1341,140.768,147.5381,433.4402,3.5016,0.0021,2991,1.0,1.0,1.0,200,16,5
optdigits,anne,Voronoi (aNNE),ik,2026-05-23 18:22:13,5216,64,mixed,uniform,high,medium,6,ADBench,2.88,0.8474,0.0534,0.7745,0.9267,0.0693,1.203,3.2562,4.5284,0.0018,0.1871,3200,1.0,1.0,1.0,200,16,5
cardio,sciforest,Random hyperplane (SCiForest),idk,2026-05-23 18:22:24,1831,21,mixed,varying,mid,medium,5,ADBench,9.61,0.924,0.0182,0.8914,0.9427,144.4517,142.6634,150.3128,437.4279,5.5338,0.0021,2991,1.0,1.0,1.0,200,16,5
optdigits,anne,Voronoi (aNNE),idk,2026-05-23 18:22:56,5216,64,mixed,uniform,high,medium,6,ADBench,2.88,0.8474,0.0534,0.7745,0.9267,0.0737,1.2021,7.3475,8.6233,0.0048,0.0983,3200,1.0,1.0,1.0,200,16,5
optdigits,inne,Hypersphere (iNNE),ik,2026-05-23 18:23:55,5216,64,mixed,uniform,high,medium,6,ADBench,2.88,0.8666,0.0494,0.7929,0.941,1.9819,6.9301,9.1934,18.1055,0.2686,0.0479,3200,0.9348,0.9354,0.9131,200,16,5
optdigits,inne,Hypersphere (iNNE),idk,2026-05-23 18:26:12,5216,64,mixed,uniform,high,medium,6,ADBench,2.88,0.8652,0.0535,0.7921,0.9467,3.047,10.8033,25.2232,39.0735,0.8103,0.0221,3200,0.9348,0.9354,0.9131,200,16,5
optdigits,inne-overlapping,Hypersphere (iNNE) Overlapping,idk,2026-05-23 18:33:59,5216,64,mixed,uniform,high,medium,6,ADBench,2.88,0.3539,0.0376,0.2894,0.405,3.6537,33.1637,56.4413,93.2587,0.504,0.0038,3200,12.3493,12.3491,12.3547,200,16,5
optdigits,iforest,Axis-parallel (iForest),ik,2026-05-23 18:34:51,5216,64,mixed,uniform,high,medium,6,ADBench,2.88,0.7252,0.0284,0.6785,0.7626,2.868,1.7583,5.738,10.3644,1.1553,0.07,1916,1.0,1.0,1.0,200,16,5
optdigits,iforest,Axis-parallel (iForest),idk,2026-05-23 18:36:34,5216,64,mixed,uniform,high,medium,6,ADBench,2.88,0.7252,0.0284,0.6785,0.7626,3.5287,1.8422,15.1273,20.4981,0.7172,0.0354,1916,1.0,1.0,1.0,200,16,5
optdigits,inne-overlapping,Hypersphere (iNNE) Overlapping,ik,2026-05-23 18:42:50,5216,64,mixed,uniform,high,medium,6,ADBench,2.88,0.4928,0.0216,0.4508,0.51,2.7636,23.6764,200.4188,226.8589,0.5317,0.0022,3200,12.3493,12.3491,12.3547,200,16,5
thyroid,sciforest,Random hyperplane (SCiForest),ik,2026-05-23 18:58:21,3772,6,mixed,varying,low,medium,5,ADBench,2.47,0.9628,0.0145,0.9451,0.9846,316.7419,316.1027,279.5211,912.3657,8.3032,0.0011,3076,1.0,1.0,1.0,200,16,5
pendigits,anne,Voronoi (aNNE),ik,2026-05-23 18:58:58,6870,16,mixed,uniform,low,large,6,ADBench,2.27,0.9395,0.021,0.9015,0.9651,0.0883,1.4506,5.6347,7.1736,0.0159,0.131,3200,1.0,1.0,1.0,200,16,5
pendigits,anne,Voronoi (aNNE),idk,2026-05-23 19:00:07,6870,16,mixed,uniform,low,large,6,ADBench,2.27,0.9395,0.021,0.9015,0.965,0.0862,1.7105,11.8927,13.6894,0.0089,0.0686,3200,1.0,1.0,1.0,200,16,5
thyroid,sciforest,Random hyperplane (SCiForest),idk,2026-05-23 19:01:21,3772,6,mixed,varying,low,medium,5,ADBench,2.47,0.9628,0.0145,0.9451,0.9846,320.7759,317.7659,306.5434,945.0852,14.7869,0.001,3076,1.0,1.0,1.0,200,16,5
pendigits,inne,Hypersphere (iNNE),ik,2026-05-23 19:01:44,6870,16,mixed,uniform,low,large,6,ADBench,2.27,0.8893,0.0358,0.8211,0.9157,1.8168,7.4321,10.2083,19.4573,0.2125,0.0457,3200,0.4716,0.4723,0.441,200,16,5
pendigits,inne,Hypersphere (iNNE),idk,2026-05-23 19:04:38,6870,16,mixed,uniform,low,large,6,ADBench,2.27,0.9137,0.0248,0.8739,0.9472,2.0112,8.3464,29.0161,39.3737,0.3467,0.0232,3200,0.4716,0.4723,0.441,200,16,5
pendigits,inne-overlapping,Hypersphere (iNNE) Overlapping,ik,2026-05-23 19:05:37,6870,16,mixed,uniform,low,large,6,ADBench,2.27,0.9128,0.0188,0.877,0.9309,1.9265,8.5286,35.8754,46.3305,0.3017,0.0197,3200,1.8401,1.8529,1.2921,200,16,5
pendigits,iforest,Axis-parallel (iForest),ik,2026-05-23 19:06:41,6870,16,mixed,uniform,low,large,6,ADBench,2.27,0.9432,0.0057,0.9375,0.9505,1.8918,1.5152,9.4049,12.8119,0.4315,0.0736,1980,1.0,1.0,1.0,200,16,5
pendigits,inne-overlapping,Hypersphere (iNNE) Overlapping,idk,2026-05-23 19:08:38,6870,16,mixed,uniform,low,large,6,ADBench,2.27,0.8216,0.0471,0.7403,0.8735,4.113,13.6575,30.1823,47.9528,1.8039,0.0171,3200,1.8401,1.8529,1.2921,200,16,5
pendigits,iforest,Axis-parallel (iForest),idk,2026-05-23 19:08:39,6870,16,mixed,uniform,low,large,6,ADBench,2.27,0.9432,0.0057,0.9375,0.9505,2.1542,2.7365,18.5708,23.4616,0.0745,0.0402,1980,1.0,1.0,1.0,200,16,5
musk,sciforest,Random hyperplane (SCiForest),ik,2026-05-23 19:18:17,3062,166,mixed,uniform,vhigh,medium,6,ADBench,3.17,0.9119,0.0782,0.7652,0.9841,255.9972,246.676,249.0486,751.7218,16.9512,0.0012,3144,1.0,1.0,1.0,200,16,5
musk,sciforest,Random hyperplane (SCiForest),idk,2026-05-23 19:18:34,3062,166,mixed,uniform,vhigh,medium,6,ADBench,3.17,0.9119,0.0782,0.7652,0.9841,249.8904,243.7373,252.5846,746.2123,12.2176,0.0012,3144,1.0,1.0,1.0,200,16,5
syn_large_10k,anne,Voronoi (aNNE),ik,2026-05-23 19:19:22,10000,2,spherical,uniform,low,large,7,sklearn_gen,20.0,0.5996,0.1125,0.4536,0.7216,0.1257,2.1481,10.7557,13.0295,0.0307,0.046,3200,1.0,1.0,1.0,200,16,5
syn_large_10k,anne,Voronoi (aNNE),idk,2026-05-23 19:20:38,10000,2,spherical,uniform,low,large,7,sklearn_gen,20.0,0.5996,0.1125,0.4536,0.7216,0.1397,2.5305,22.1825,24.8526,0.0306,0.0241,3200,1.0,1.0,1.0,200,16,5
syn_large_10k,inne,Hypersphere (iNNE),ik,2026-05-23 19:20:52,10000,2,spherical,uniform,low,large,7,sklearn_gen,20.0,0.6209,0.1107,0.5277,0.8234,2.0785,7.592,8.1829,17.8534,0.3463,0.0348,3200,0.0412,0.0464,0.0207,200,16,5
syn_large_10k,inne-overlapping,Hypersphere (iNNE) Overlapping,ik,2026-05-23 19:21:54,10000,2,spherical,uniform,low,large,7,sklearn_gen,20.0,0.6209,0.1107,0.5277,0.8234,2.0836,4.5488,5.6976,12.3301,0.4421,0.0504,3200,0.0413,0.0464,0.0207,200,16,5
syn_large_10k,inne,Hypersphere (iNNE),idk,2026-05-23 19:23:06,10000,2,spherical,uniform,low,large,7,sklearn_gen,20.0,0.6265,0.1111,0.5294,0.8233,1.9221,7.4985,19.9996,29.4203,0.2098,0.0213,3200,0.0412,0.0464,0.0207,200,16,5
syn_large_10k,inne-overlapping,Hypersphere (iNNE) Overlapping,idk,2026-05-23 19:24:47,10000,2,spherical,uniform,low,large,7,sklearn_gen,20.0,0.6265,0.1111,0.5294,0.8233,2.5779,6.5169,25.3978,34.4925,0.8815,0.0182,3200,0.0413,0.0464,0.0207,200,16,5
syn_large_10k,iforest,Axis-parallel (iForest),ik,2026-05-23 19:24:50,10000,2,spherical,uniform,low,large,7,sklearn_gen,20.0,0.3983,0.0486,0.3439,0.4816,2.051,1.7468,16.8238,20.6215,0.1864,0.0193,1966,1.0,1.0,1.0,200,16,5
syn_large_10k,iforest,Axis-parallel (iForest),idk,2026-05-23 19:27:06,10000,2,spherical,uniform,low,large,7,sklearn_gen,20.0,0.3983,0.0486,0.3439,0.4816,2.8113,1.7067,23.199,27.7169,1.1183,0.0144,1966,1.0,1.0,1.0,200,16,5
optdigits,sciforest,Random hyperplane (SCiForest),ik,2026-05-23 20:01:45,5216,64,mixed,uniform,high,medium,6,ADBench,2.88,0.6645,0.0499,0.5972,0.7238,336.5124,337.3496,348.1563,1022.0183,7.1301,0.0007,2331,1.0,1.0,1.0,200,16,5
syn_large_20k,anne,Voronoi (aNNE),ik,2026-05-23 20:02:47,10000,2,spherical,uniform,low,large,7,sklearn_gen,19.62,0.5727,0.0968,0.4013,0.6854,0.1023,1.7788,10.4925,12.3737,0.0073,0.0463,3200,1.0,1.0,1.0,200,16,5
syn_large_20k,anne,Voronoi (aNNE),idk,2026-05-23 20:04:16,10000,2,spherical,uniform,low,large,7,sklearn_gen,19.62,0.5727,0.0968,0.4013,0.6854,0.1107,1.9206,15.632,17.6634,0.0337,0.0324,3200,1.0,1.0,1.0,200,16,5
syn_large_20k,inne,Hypersphere (iNNE),ik,2026-05-23 20:05:49,10000,2,spherical,uniform,low,large,7,sklearn_gen,19.62,0.6111,0.0805,0.5311,0.743,1.5322,8.8599,8.1352,18.5273,0.13,0.033,3200,0.0389,0.0423,0.0249,200,16,5
optdigits,sciforest,Random hyperplane (SCiForest),idk,2026-05-23 20:07:32,5216,64,mixed,uniform,high,medium,6,ADBench,2.88,0.6645,0.0499,0.5972,0.7238,338.3243,341.4167,336.6662,1016.4072,8.3469,0.0007,2331,1.0,1.0,1.0,200,16,5
syn_large_20k,inne,Hypersphere (iNNE),idk,2026-05-23 20:08:30,10000,2,spherical,uniform,low,large,7,sklearn_gen,19.62,0.627,0.0914,0.5338,0.7753,1.7438,7.6248,22.7316,32.1002,0.5036,0.0195,3200,0.0389,0.0423,0.0249,200,16,5
syn_large_20k,inne-overlapping,Hypersphere (iNNE) Overlapping,ik,2026-05-23 20:08:33,10000,2,spherical,uniform,low,large,7,sklearn_gen,19.62,0.6111,0.0805,0.5311,0.743,2.0249,4.4843,5.6044,12.1136,0.3337,0.0504,3200,0.0389,0.0423,0.0249,200,16,5
satellite,sciforest,Random hyperplane (SCiForest),ik,2026-05-23 20:09:53,6435,36,mixed,varying,high,large,6,ADBench,31.64,0.6718,0.0271,0.6389,0.7124,518.6988,518.4768,508.6166,1545.7922,23.02,0.0004,3129,1.0,1.0,1.0,200,16,5
syn_large_20k,iforest,Axis-parallel (iForest),ik,2026-05-23 20:10:21,10000,2,spherical,uniform,low,large,7,sklearn_gen,19.62,0.3868,0.0303,0.3372,0.4236,2.8961,2.4213,16.0999,21.4173,1.47,0.0181,1967,1.0,1.0,1.0,200,16,5
syn_large_20k,inne-overlapping,Hypersphere (iNNE) Overlapping,idk,2026-05-23 20:11:50,10000,2,spherical,uniform,low,large,7,sklearn_gen,19.62,0.627,0.0914,0.5338,0.7753,2.1875,5.9078,31.8802,39.9754,0.6277,0.0157,3200,0.0389,0.0423,0.0249,200,16,5
syn_large_20k,iforest,Axis-parallel (iForest),idk,2026-05-23 20:12:39,10000,2,spherical,uniform,low,large,7,sklearn_gen,19.62,0.3868,0.0303,0.3372,0.4236,3.4296,2.5187,27.0631,33.0114,1.0883,0.0117,1967,1.0,1.0,1.0,200,16,5
annthyroid,anne,Voronoi (aNNE),ik,2026-05-23 20:13:15,7200,6,mixed,varying,low,large,7,ADBench,7.42,0.6353,0.0051,0.628,0.6415,0.0802,1.7179,5.3457,7.1438,0.0104,0.0889,3200,1.0,1.0,1.0,200,16,5
satellite,sciforest,Random hyperplane (SCiForest),idk,2026-05-23 20:13:29,6435,36,mixed,varying,high,large,6,ADBench,31.64,0.6718,0.0271,0.6389,0.7124,535.3367,530.9201,520.7098,1586.9665,17.4629,0.0004,3129,1.0,1.0,1.0,200,16,5
annthyroid,anne,Voronoi (aNNE),idk,2026-05-23 20:14:41,7200,6,mixed,varying,low,large,7,ADBench,7.42,0.6353,0.0051,0.628,0.6415,0.0882,1.8679,15.1629,17.119,0.0093,0.0371,3200,1.0,1.0,1.0,200,16,5
annthyroid,inne,Hypersphere (iNNE),ik,2026-05-23 20:14:46,7200,6,mixed,varying,low,large,7,ADBench,7.42,0.5266,0.0071,0.5173,0.5328,2.0335,6.7096,6.5777,15.3209,0.1094,0.0344,3200,0.0047,0.0047,0.0043,200,16,5
annthyroid,inne-overlapping,Hypersphere (iNNE) Overlapping,ik,2026-05-23 20:15:42,7200,6,mixed,varying,low,large,7,ADBench,7.42,0.5034,0.1789,0.2418,0.6884,1.9593,4.3584,4.8498,11.1675,0.0779,0.0451,3200,0.0079,0.0079,0.0085,200,16,5
annthyroid,inne,Hypersphere (iNNE),idk,2026-05-23 20:17:03,7200,6,mixed,varying,low,large,7,ADBench,7.42,0.5274,0.0068,0.5187,0.5338,1.8888,6.3221,20.1743,28.3853,0.0724,0.0186,3200,0.0047,0.0047,0.0043,200,16,5
annthyroid,inne-overlapping,Hypersphere (iNNE) Overlapping,idk,2026-05-23 20:17:54,7200,6,mixed,varying,low,large,7,ADBench,7.42,0.4632,0.1433,0.272,0.6768,2.047,4.3121,19.9331,26.2922,0.2288,0.0176,3200,0.0079,0.0079,0.0085,200,16,5
annthyroid,iforest,Axis-parallel (iForest),ik,2026-05-23 20:18:13,7200,6,mixed,varying,low,large,7,ADBench,7.42,0.8533,0.0126,0.8385,0.8687,2.2936,2.1752,9.4118,13.8806,0.1325,0.0615,1692,1.0,1.0,1.0,200,16,5
annthyroid,iforest,Axis-parallel (iForest),idk,2026-05-23 20:19:54,7200,6,mixed,varying,low,large,7,ADBench,7.42,0.8533,0.0126,0.8385,0.8687,2.1864,1.9924,19.8732,24.0519,0.4869,0.0355,1692,1.0,1.0,1.0,200,16,5
pendigits,sciforest,Random hyperplane (SCiForest),ik,2026-05-23 21:21:38,6870,16,mixed,uniform,low,large,6,ADBench,2.27,0.8639,0.0911,0.728,0.9786,524.3805,529.9839,542.1385,1596.5029,29.9186,0.0005,3151,1.0,1.0,1.0,200,16,5
pendigits,sciforest,Random hyperplane (SCiForest),idk,2026-05-23 21:22:19,6870,16,mixed,uniform,low,large,6,ADBench,2.27,0.8639,0.0911,0.728,0.9786,525.0054,528.8033,550.7137,1604.5224,24.7302,0.0005,3151,1.0,1.0,1.0,200,16,5
shuttle,anne,Voronoi (aNNE),ik,2026-05-23 21:22:41,10000,9,mixed,uniform,low,large,7,ADBench,7.36,0.8511,0.0369,0.7899,0.9028,0.1541,1.8291,10.4859,12.4691,0.0336,0.0683,3200,1.0,1.0,1.0,200,16,5
shuttle,inne,Hypersphere (iNNE),ik,2026-05-23 21:24:14,10000,9,mixed,uniform,low,large,7,ADBench,7.36,0.0382,0.0024,0.0362,0.0428,2.1497,7.811,8.5174,18.4782,0.2857,0.0021,3200,0.0427,0.0213,0.3123,200,16,5
shuttle,anne,Voronoi (aNNE),idk,2026-05-23 21:24:21,10000,9,mixed,uniform,low,large,7,ADBench,7.36,0.8511,0.0369,0.7899,0.9028,0.2144,2.6516,21.5519,24.4179,0.0591,0.0349,3200,1.0,1.0,1.0,200,16,5
shuttle,inne-overlapping,Hypersphere (iNNE) Overlapping,ik,2026-05-23 21:25:39,10000,9,mixed,uniform,low,large,7,ADBench,7.36,0.0354,0.0052,0.0256,0.0409,2.4021,6.316,6.6969,15.415,0.5487,0.0023,3200,0.0432,0.0216,0.3147,200,16,5
shuttle,inne,Hypersphere (iNNE),idk,2026-05-23 21:26:58,10000,9,mixed,uniform,low,large,7,ADBench,7.36,0.0452,0.0024,0.0408,0.0481,1.9471,8.0208,22.6761,32.644,0.1485,0.0014,3200,0.0427,0.0213,0.3123,200,16,5
shuttle,inne-overlapping,Hypersphere (iNNE) Overlapping,idk,2026-05-23 21:28:17,10000,9,mixed,uniform,low,large,7,ADBench,7.36,0.0495,0.0098,0.0408,0.0684,2.7613,7.2601,21.5139,31.5353,0.4016,0.0016,3200,0.0432,0.0216,0.3147,200,16,5
shuttle,iforest,Axis-parallel (iForest),ik,2026-05-23 21:28:59,10000,9,mixed,uniform,low,large,7,ADBench,7.36,0.9932,0.0005,0.9927,0.9939,2.5518,2.0336,19.6089,24.1943,1.2312,0.0411,1657,1.0,1.0,1.0,200,16,5
shuttle,iforest,Axis-parallel (iForest),idk,2026-05-23 21:29:22,10000,9,mixed,uniform,low,large,7,ADBench,7.36,0.9932,0.0005,0.9927,0.9939,1.0786,1.7102,10.1228,12.9117,0.1622,0.0769,1657,1.0,1.0,1.0,200,16,5
syn_large_10k,sciforest,Random hyperplane (SCiForest),ik,2026-05-23 22:27:25,10000,2,spherical,uniform,low,large,7,sklearn_gen,20.0,0.4662,0.0499,0.4009,0.555,759.3427,689.5499,742.6447,2191.5373,45.7025,0.0002,3166,1.0,1.0,1.0,200,16,5
syn_large_10k,sciforest,Random hyperplane (SCiForest),idk,2026-05-23 22:39:00,10000,2,spherical,uniform,low,large,7,sklearn_gen,20.0,0.4662,0.0499,0.4009,0.555,768.3576,763.1197,771.866,2303.3433,57.5534,0.0002,3166,1.0,1.0,1.0,200,16,5
annthyroid,sciforest,Random hyperplane (SCiForest),ik,2026-05-23 22:40:58,7200,6,mixed,varying,low,large,7,ADBench,7.42,0.6922,0.0414,0.6405,0.7441,586.6369,550.6804,576.333,1713.6503,27.4696,0.0004,3085,1.0,1.0,1.0,200,16,5
annthyroid,sciforest,Random hyperplane (SCiForest),idk,2026-05-23 22:44:38,7200,6,mixed,varying,low,large,7,ADBench,7.42,0.6922,0.0414,0.6405,0.7441,587.828,562.2775,587.1411,1737.2467,31.5149,0.0004,3085,1.0,1.0,1.0,200,16,5
syn_large_20k,sciforest,Random hyperplane (SCiForest),ik,2026-05-23 22:58:32,10000,2,spherical,uniform,low,large,7,sklearn_gen,19.62,0.552,0.1424,0.4282,0.82,674.4819,665.4376,678.769,2018.6885,98.7808,0.0003,3169,1.0,1.0,1.0,200,16,5
syn_large_20k,sciforest,Random hyperplane (SCiForest),idk,2026-05-23 23:00:47,10000,2,spherical,uniform,low,large,7,sklearn_gen,19.62,0.552,0.1424,0.4282,0.82,658.6722,683.7606,685.3506,2027.7834,116.453,0.0003,3169,1.0,1.0,1.0,200,16,5
shuttle,sciforest,Random hyperplane (SCiForest),idk,2026-05-23 23:25:24,10000,9,mixed,uniform,low,large,7,ADBench,7.36,0.9865,0.0084,0.9716,0.9961,430.9532,504.0277,457.4001,1392.381,236.6022,0.0007,3003,1.0,1.0,1.0,200,16,5
shuttle,sciforest,Random hyperplane (SCiForest),ik,2026-05-23 23:26:07,10000,9,mixed,uniform,low,large,7,ADBench,7.36,0.9865,0.0084,0.9716,0.9961,470.6288,516.7063,418.1192,1405.4543,224.4331,0.0007,3003,1.0,1.0,1.0,200,16,5
