dataset,partition,partition_name,kernel,timestamp,n,features,shape,density,dim_level,size_level,condition,source,anom_rate,auc_mean,auc_std,auc_min,auc_max,fit_time_s,transform_time_s,score_time_s,total_time_s,fit_time_std,auc_per_sec,phi_width,phi_ones_per_point_per_estimator,phi_ones_per_point_per_estimator_normal,phi_ones_per_point_per_estimator_anomaly,n_estimators,max_samples,n_runs
breast_cancer,iforest,Axis-parallel (iForest),ik,2026-05-24 15:33:45,569,30,spherical,uniform,mid,medium,1,sklearn,62.74,0.842,0.0164,0.8174,0.8584,0.6994,0.2529,0.3249,1.2772,0.1129,0.6592,1794,1.0,1.0,1.0,200,16,5
breast_cancer,anne,Voronoi (aNNE),ik,2026-05-24 15:33:45,569,30,spherical,uniform,mid,medium,1,sklearn,62.74,0.691,0.0305,0.6601,0.7434,0.0844,0.6888,0.5343,1.3074,0.0337,0.5286,3200,1.0,1.0,1.0,200,16,5
breast_cancer,iforest,Axis-parallel (iForest),idk,2026-05-24 15:33:48,569,30,spherical,uniform,mid,medium,1,sklearn,62.74,0.842,0.0164,0.8174,0.8584,0.9207,0.1689,0.8745,1.9642,0.3291,0.4287,1794,1.0,1.0,1.0,200,16,5
breast_cancer,anne,Voronoi (aNNE),idk,2026-05-24 15:33:48,569,30,spherical,uniform,mid,medium,1,sklearn,62.74,0.691,0.0305,0.6601,0.7434,0.0715,0.5001,1.4865,2.0581,0.0162,0.3358,3200,1.0,1.0,1.0,200,16,5
wbc_uci,anne,Voronoi (aNNE),ik,2026-05-24 15:33:56,699,9,spherical,uniform,mid,small,1,UCI,34.48,0.8902,0.0113,0.8784,0.9079,0.0786,0.7746,0.7635,1.6167,0.0073,0.5506,3200,1.0,1.0,1.0,200,16,5
wbc_uci,anne,Voronoi (aNNE),idk,2026-05-24 15:34:02,699,9,spherical,uniform,mid,small,1,UCI,34.48,0.8902,0.0113,0.8784,0.9079,0.0678,0.651,1.92,2.6388,0.006,0.3374,3200,1.0,1.0,1.0,200,16,5
breast_cancer,inne-overlapping,Hypersphere (iNNE) Overlapping,ik,2026-05-24 15:34:31,569,30,spherical,uniform,mid,medium,1,sklearn,62.74,0.1109,0.0256,0.0942,0.1612,3.3757,3.7764,3.4092,10.5613,1.243,0.0105,3200,0.3463,0.5086,0.2499,200,16,5
breast_cancer,inne-overlapping,Hypersphere (iNNE) Overlapping,idk,2026-05-24 15:34:36,569,30,spherical,uniform,mid,medium,1,sklearn,62.74,0.5414,0.03,0.51,0.5981,3.3929,3.3771,4.7788,11.5487,1.2206,0.0469,3200,0.3463,0.5086,0.2499,200,16,5
breast_cancer,inne,Hypersphere (iNNE),ik,2026-05-24 15:34:50,569,30,spherical,uniform,mid,medium,1,sklearn,62.74,0.0932,0.0346,0.062,0.1539,2.6598,5.6377,6.1002,14.3977,1.6402,0.0065,3200,0.0868,0.1455,0.052,200,16,5
breast_cancer,inne,Hypersphere (iNNE),idk,2026-05-24 15:34:54,569,30,spherical,uniform,mid,medium,1,sklearn,62.74,0.1037,0.0523,0.0613,0.2003,2.9064,5.8355,6.3852,15.1271,1.5428,0.0069,3200,0.0868,0.1455,0.052,200,16,5
wbc_uci,iforest,Axis-parallel (iForest),ik,2026-05-24 15:35:03,699,9,spherical,uniform,mid,small,1,UCI,34.48,0.9933,0.0004,0.9927,0.9936,1.2973,0.5725,0.5773,2.4472,0.0717,0.4059,1757,1.0,1.0,1.0,200,16,5
wbc_uci,inne,Hypersphere (iNNE),ik,2026-05-24 15:35:04,699,9,spherical,uniform,mid,small,1,UCI,34.48,0.0505,0.0044,0.046,0.0574,2.5131,5.5439,5.4957,13.5526,0.107,0.0037,3200,0.2467,0.1651,0.4017,200,16,5
wbc_uci,iforest,Axis-parallel (iForest),idk,2026-05-24 15:35:14,699,9,spherical,uniform,mid,small,1,UCI,34.48,0.9933,0.0004,0.9927,0.9936,1.5346,0.5754,1.8999,4.01,0.2001,0.2477,1757,1.0,1.0,1.0,200,16,5
wbc_uci,inne,Hypersphere (iNNE),idk,2026-05-24 15:35:17,699,9,spherical,uniform,mid,small,1,UCI,34.48,0.0397,0.0031,0.0351,0.0436,2.9138,5.0827,7.0002,14.9967,0.3788,0.0026,3200,0.2467,0.1651,0.4017,200,16,5
breastw,anne,Voronoi (aNNE),ik,2026-05-24 15:35:24,683,9,spherical,uniform,low,small,1,ADBench,34.99,0.8889,0.0188,0.8655,0.9069,0.0579,0.9058,0.8792,1.8429,0.007,0.4823,3200,1.0,1.0,1.0,200,16,5
breastw,anne,Voronoi (aNNE),idk,2026-05-24 15:35:31,683,9,spherical,uniform,low,small,1,ADBench,34.99,0.8889,0.0188,0.8655,0.9069,0.0611,0.8182,1.8547,2.7341,0.0138,0.3251,3200,1.0,1.0,1.0,200,16,5
wbc_uci,inne-overlapping,Hypersphere (iNNE) Overlapping,ik,2026-05-24 15:35:32,699,9,spherical,uniform,mid,small,1,UCI,34.48,0.0238,0.0015,0.0219,0.0257,2.5785,4.765,4.6943,12.0379,0.6535,0.002,3200,0.62,0.4022,1.0339,200,16,5
wbc_uci,inne-overlapping,Hypersphere (iNNE) Overlapping,idk,2026-05-24 15:35:39,699,9,spherical,uniform,mid,small,1,UCI,34.48,0.3384,0.0981,0.1523,0.4285,2.439,4.2764,5.8282,12.5436,0.4314,0.027,3200,0.62,0.4022,1.0339,200,16,5
breastw,inne-overlapping,Hypersphere (iNNE) Overlapping,ik,2026-05-24 15:36:12,683,9,spherical,uniform,low,small,1,ADBench,34.99,0.0243,0.0043,0.0188,0.032,1.7218,3.2622,3.0329,8.0168,0.086,0.003,3200,0.6674,0.4355,1.0982,200,16,5
breastw,inne,Hypersphere (iNNE),ik,2026-05-24 15:36:14,683,9,spherical,uniform,low,small,1,ADBench,34.99,0.052,0.0055,0.0442,0.0607,1.55,4.1115,4.3296,9.9911,0.0989,0.0052,3200,0.2525,0.1675,0.4103,200,16,5
breastw,iforest,Axis-parallel (iForest),ik,2026-05-24 15:36:26,683,9,spherical,uniform,low,small,1,ADBench,34.99,0.9945,0.0008,0.993,0.9952,1.6762,0.4788,0.6299,2.7849,0.1987,0.3571,1765,1.0,1.0,1.0,200,16,5
breastw,inne,Hypersphere (iNNE),idk,2026-05-24 15:36:30,683,9,spherical,uniform,low,small,1,ADBench,34.99,0.0424,0.003,0.0379,0.0451,1.7706,4.1866,5.9083,11.8655,0.2432,0.0036,3200,0.2525,0.1675,0.4103,200,16,5
breastw,inne-overlapping,Hypersphere (iNNE) Overlapping,idk,2026-05-24 15:36:32,683,9,spherical,uniform,low,small,1,ADBench,34.99,0.3392,0.0893,0.2382,0.4833,1.9293,3.7001,4.892,10.5214,0.3042,0.0322,3200,0.6674,0.4355,1.0982,200,16,5
breastw,iforest,Axis-parallel (iForest),idk,2026-05-24 15:36:37,683,9,spherical,uniform,low,small,1,ADBench,34.99,0.9945,0.0008,0.993,0.9952,1.7944,0.6344,2.1168,4.5456,0.371,0.2188,1765,1.0,1.0,1.0,200,16,5
wbc,anne,Voronoi (aNNE),ik,2026-05-24 15:36:40,223,9,spherical,uniform,mid,small,1,ADBench,4.48,0.98,0.0036,0.9758,0.9864,0.0542,0.7269,0.7383,1.5194,0.006,0.645,3200,1.0,1.0,1.0,200,16,5
wbc,anne,Voronoi (aNNE),idk,2026-05-24 15:36:44,223,9,spherical,uniform,mid,small,1,ADBench,4.48,0.98,0.0036,0.9758,0.9864,0.0499,0.5561,0.9003,1.5062,0.0024,0.6506,3200,1.0,1.0,1.0,200,16,5
wbc,inne,Hypersphere (iNNE),ik,2026-05-24 15:37:08,223,9,spherical,uniform,mid,small,1,ADBench,4.48,0.0162,0.0011,0.015,0.0183,1.68,1.8948,2.1548,5.7296,0.277,0.0028,3200,0.105,0.0918,0.3864,200,16,5
wbc,inne,Hypersphere (iNNE),idk,2026-05-24 15:37:12,223,9,spherical,uniform,mid,small,1,ADBench,4.48,0.0174,0.0012,0.0164,0.0197,1.6189,1.9746,1.9474,5.5409,0.1514,0.0031,3200,0.105,0.0918,0.3864,200,16,5
wbc,inne-overlapping,Hypersphere (iNNE) Overlapping,ik,2026-05-24 15:37:33,223,9,spherical,uniform,mid,small,1,ADBench,4.48,0.2262,0.0231,0.1836,0.2469,1.9104,1.4572,1.5538,4.9214,0.132,0.046,3200,0.4603,0.4531,0.6134,200,16,5
wbc,inne-overlapping,Hypersphere (iNNE) Overlapping,idk,2026-05-24 15:37:40,223,9,spherical,uniform,mid,small,1,ADBench,4.48,0.713,0.0404,0.6559,0.7784,1.9811,1.4754,2.1526,5.6091,0.0778,0.1271,3200,0.4603,0.4531,0.6134,200,16,5
wbc,iforest,Axis-parallel (iForest),ik,2026-05-24 15:37:42,223,9,spherical,uniform,mid,small,1,ADBench,4.48,0.995,0.0007,0.9941,0.9958,1.2213,0.2925,0.3129,1.8267,0.4229,0.5447,1661,1.0,1.0,1.0,200,16,5
wbc,iforest,Axis-parallel (iForest),idk,2026-05-24 15:37:55,223,9,spherical,uniform,mid,small,1,ADBench,4.48,0.995,0.0007,0.9941,0.9958,1.5464,0.4045,0.9561,2.907,0.4301,0.3423,1661,1.0,1.0,1.0,200,16,5
wbc,sciforest,Random hyperplane (SCiForest),ik,2026-05-24 15:41:52,223,9,spherical,uniform,mid,small,1,ADBench,4.48,0.993,0.0014,0.9911,0.9953,17.5376,16.6547,15.8027,49.9949,1.6464,0.0199,2393,1.0,1.0,1.0,200,16,5
ionosphere,anne,Voronoi (aNNE),ik,2026-05-24 15:41:55,351,32,elliptical,uniform,mid,small,2,ADBench,35.9,0.3889,0.0126,0.3694,0.4063,0.0487,0.2128,0.2063,0.4678,0.0016,0.8313,3200,1.0,1.0,1.0,200,16,5
wbc,sciforest,Random hyperplane (SCiForest),idk,2026-05-24 15:41:59,223,9,spherical,uniform,mid,small,1,ADBench,4.48,0.993,0.0014,0.9911,0.9953,17.1617,15.1883,16.393,48.7431,2.018,0.0204,2393,1.0,1.0,1.0,200,16,5
ionosphere,anne,Voronoi (aNNE),idk,2026-05-24 15:41:59,351,32,elliptical,uniform,mid,small,2,ADBench,35.9,0.3889,0.0126,0.3694,0.4063,0.0539,0.2978,0.6041,0.9557,0.0078,0.4069,3200,1.0,1.0,1.0,200,16,5
ionosphere,inne,Hypersphere (iNNE),ik,2026-05-24 15:42:19,351,32,elliptical,uniform,mid,small,2,ADBench,35.9,0.7183,0.0212,0.6809,0.7353,1.1272,1.547,1.4648,4.139,0.2586,0.1735,3200,0.2854,0.3274,0.2103,200,16,5
ionosphere,inne,Hypersphere (iNNE),idk,2026-05-24 15:42:25,351,32,elliptical,uniform,mid,small,2,ADBench,35.9,0.6976,0.0248,0.6566,0.7234,1.2411,1.6335,2.2074,5.0819,0.2691,0.1373,3200,0.2854,0.3274,0.2103,200,16,5
ionosphere,inne-overlapping,Hypersphere (iNNE) Overlapping,ik,2026-05-24 15:43:08,351,32,elliptical,uniform,mid,small,2,ADBench,35.9,0.7361,0.0045,0.7306,0.7436,1.8001,3.6311,4.2433,9.6745,0.1643,0.0761,3200,4.4551,4.7567,3.9165,200,16,5
ionosphere,iforest,Axis-parallel (iForest),ik,2026-05-24 15:43:19,351,32,elliptical,uniform,mid,small,2,ADBench,35.9,0.7891,0.0068,0.7801,0.7974,1.39,0.3699,0.4261,2.186,0.2482,0.361,1815,1.0,1.0,1.0,200,16,5
ionosphere,inne-overlapping,Hypersphere (iNNE) Overlapping,idk,2026-05-24 15:43:23,351,32,elliptical,uniform,mid,small,2,ADBench,35.9,0.5135,0.0148,0.4904,0.5328,2.009,4.9568,4.7134,11.6792,0.1842,0.044,3200,4.4551,4.7567,3.9165,200,16,5
ionosphere,iforest,Axis-parallel (iForest),idk,2026-05-24 15:43:30,351,32,elliptical,uniform,mid,small,2,ADBench,35.9,0.7891,0.0068,0.7801,0.7974,1.0102,0.266,0.9216,2.1978,0.2553,0.359,1815,1.0,1.0,1.0,200,16,5
breast_cancer,sciforest,Random hyperplane (SCiForest),ik,2026-05-24 15:43:46,569,30,spherical,uniform,mid,medium,1,sklearn,62.74,0.6285,0.0565,0.5586,0.7077,40.0673,38.9981,41.1609,120.2263,8.6548,0.0052,3109,1.0,1.0,1.0,200,16,5
breast_cancer,sciforest,Random hyperplane (SCiForest),idk,2026-05-24 15:43:54,569,30,spherical,uniform,mid,medium,1,sklearn,62.74,0.6285,0.0565,0.5586,0.7077,39.7314,39.4343,42.662,121.8277,8.7952,0.0052,3109,1.0,1.0,1.0,200,16,5
syn_moons_ad,anne,Voronoi (aNNE),ik,2026-05-24 15:43:54,1000,2,crescent,uniform,low,medium,3,sklearn_gen,5.0,0.9044,0.0172,0.8837,0.9275,0.0501,0.7348,0.7922,1.577,0.0026,0.5735,3200,1.0,1.0,1.0,200,16,5
syn_moons_ad,anne,Voronoi (aNNE),idk,2026-05-24 15:44:12,1000,2,crescent,uniform,low,medium,3,sklearn_gen,5.0,0.9044,0.0172,0.8837,0.9275,0.0683,0.8693,2.6391,3.5768,0.009,0.2528,3200,1.0,1.0,1.0,200,16,5
syn_moons_ad,inne,Hypersphere (iNNE),ik,2026-05-24 15:45:05,1000,2,crescent,uniform,low,medium,3,sklearn_gen,5.0,0.9436,0.0209,0.9169,0.9707,2.1571,5.9952,5.9499,14.1022,0.3024,0.0669,3200,0.0581,0.0596,0.0281,200,16,5
syn_moons_ad,inne,Hypersphere (iNNE),idk,2026-05-24 15:45:30,1000,2,crescent,uniform,low,medium,3,sklearn_gen,5.0,0.9473,0.0175,0.9287,0.9717,2.2622,5.7455,7.5593,15.567,0.2751,0.0609,3200,0.0581,0.0596,0.0281,200,16,5
syn_moons_ad,inne-overlapping,Hypersphere (iNNE) Overlapping,ik,2026-05-24 15:45:46,1000,2,crescent,uniform,low,medium,3,sklearn_gen,5.0,0.9436,0.0209,0.9169,0.9707,2.1933,3.0779,2.8289,8.1001,0.3244,0.1165,3200,0.0581,0.0596,0.0281,200,16,5
syn_moons_ad,iforest,Axis-parallel (iForest),ik,2026-05-24 15:46:01,1000,2,crescent,uniform,low,medium,3,sklearn_gen,5.0,0.8789,0.0086,0.871,0.8954,1.6104,0.5485,0.7881,2.947,0.4083,0.2982,1950,1.0,1.0,1.0,200,16,5
syn_moons_ad,inne-overlapping,Hypersphere (iNNE) Overlapping,idk,2026-05-24 15:46:21,1000,2,crescent,uniform,low,medium,3,sklearn_gen,5.0,0.9473,0.0175,0.9287,0.9717,1.9012,3.1493,5.0341,10.0846,0.1328,0.0939,3200,0.0581,0.0596,0.0281,200,16,5
syn_moons_ad,iforest,Axis-parallel (iForest),idk,2026-05-24 15:46:28,1000,2,crescent,uniform,low,medium,3,sklearn_gen,5.0,0.8789,0.0086,0.871,0.8954,1.6855,0.5522,3.1442,5.3819,0.462,0.1633,1950,1.0,1.0,1.0,200,16,5
wbc_uci,sciforest,Random hyperplane (SCiForest),idk,2026-05-24 15:46:33,699,9,spherical,uniform,mid,small,1,UCI,34.48,0.9926,0.0009,0.9911,0.9937,48.2124,43.4234,45.9732,137.609,2.3051,0.0072,2249,1.0,1.0,1.0,200,16,5
vowels,anne,Voronoi (aNNE),ik,2026-05-24 15:46:43,1456,12,irregular,uniform,low,medium,3,ADBench,3.43,0.9204,0.0241,0.8841,0.9473,0.0542,0.9353,1.0606,2.0501,0.0028,0.449,3200,1.0,1.0,1.0,200,16,5
wbc_uci,sciforest,Random hyperplane (SCiForest),ik,2026-05-24 15:46:53,699,9,spherical,uniform,mid,small,1,UCI,34.48,0.9926,0.0009,0.9911,0.9937,48.9006,46.6939,46.3748,141.9693,1.6856,0.007,2249,1.0,1.0,1.0,200,16,5
vowels,anne,Voronoi (aNNE),idk,2026-05-24 15:46:57,1456,12,irregular,uniform,low,medium,3,ADBench,3.43,0.9204,0.0241,0.8841,0.9473,0.0557,0.6162,2.0651,2.737,0.0076,0.3363,3200,1.0,1.0,1.0,200,16,5
breastw,sciforest,Random hyperplane (SCiForest),ik,2026-05-24 15:47:46,683,9,spherical,uniform,low,small,1,ADBench,34.99,0.9938,0.0007,0.9929,0.9944,46.2516,44.6388,45.0555,135.9459,6.124,0.0073,2254,1.0,1.0,1.0,200,16,5
vowels,inne,Hypersphere (iNNE),ik,2026-05-24 15:47:55,1456,12,irregular,uniform,low,medium,3,ADBench,3.43,0.8865,0.0277,0.8437,0.927,1.5407,5.4699,5.4895,12.5001,0.4801,0.0709,3200,0.1021,0.1038,0.052,200,16,5
vowels,inne,Hypersphere (iNNE),idk,2026-05-24 15:48:12,1456,12,irregular,uniform,low,medium,3,ADBench,3.43,0.8863,0.0268,0.8529,0.9283,1.7957,4.9869,8.1947,14.9773,0.519,0.0592,3200,0.1021,0.1038,0.052,200,16,5
breastw,sciforest,Random hyperplane (SCiForest),idk,2026-05-24 15:48:23,683,9,spherical,uniform,low,small,1,ADBench,34.99,0.9938,0.0007,0.9929,0.9944,47.0143,47.0614,48.4059,142.4816,5.0299,0.007,2254,1.0,1.0,1.0,200,16,5
vowels,iforest,Axis-parallel (iForest),ik,2026-05-24 15:48:28,1456,12,irregular,uniform,low,medium,3,ADBench,3.43,0.6204,0.029,0.5803,0.669,1.5265,0.6287,0.9996,3.1548,0.312,0.1967,1873,1.0,1.0,1.0,200,16,5
vowels,inne-overlapping,Hypersphere (iNNE) Overlapping,ik,2026-05-24 15:48:33,1456,12,irregular,uniform,low,medium,3,ADBench,3.43,0.8291,0.0396,0.777,0.8919,2.0753,3.7359,3.6453,9.4565,0.379,0.0877,3200,0.115,0.1168,0.0626,200,16,5
vowels,iforest,Axis-parallel (iForest),idk,2026-05-24 15:48:44,1456,12,irregular,uniform,low,medium,3,ADBench,3.43,0.6204,0.029,0.5803,0.669,1.2334,0.4842,2.3474,4.065,0.5322,0.1526,1873,1.0,1.0,1.0,200,16,5
lympho,anne,Voronoi (aNNE),ik,2026-05-24 15:48:46,148,18,irregular,sparse,low,small,3,ADBench,4.05,0.9986,0.0017,0.9953,1.0,0.0423,0.1611,0.1607,0.3641,0.0035,2.7425,3200,1.0,1.0,1.0,200,16,5
vowels,inne-overlapping,Hypersphere (iNNE) Overlapping,idk,2026-05-24 15:48:47,1456,12,irregular,uniform,low,medium,3,ADBench,3.43,0.747,0.1054,0.5845,0.8683,2.0453,3.1845,5.0086,10.2384,0.4269,0.073,3200,0.115,0.1168,0.0626,200,16,5
lympho,anne,Voronoi (aNNE),idk,2026-05-24 15:48:49,148,18,irregular,sparse,low,small,3,ADBench,4.05,0.9986,0.0017,0.9953,1.0,0.0501,0.2141,0.3373,0.6016,0.0066,1.6598,3200,1.0,1.0,1.0,200,16,5
lympho,inne,Hypersphere (iNNE),ik,2026-05-24 15:49:17,148,18,irregular,sparse,low,small,3,ADBench,4.05,0.969,0.0115,0.9484,0.9824,1.7799,1.9797,2.2653,6.025,0.3725,0.1608,3200,0.647,0.6552,0.4538,200,16,5
lympho,inne,Hypersphere (iNNE),idk,2026-05-24 15:49:22,148,18,irregular,sparse,low,small,3,ADBench,4.05,0.9819,0.0074,0.9695,0.9918,1.8753,2.422,2.3541,6.6514,0.231,0.1476,3200,0.647,0.6552,0.4538,200,16,5
lympho,inne-overlapping,Hypersphere (iNNE) Overlapping,ik,2026-05-24 15:49:53,148,18,irregular,sparse,low,small,3,ADBench,4.05,0.9958,0.0016,0.993,0.9977,1.9762,2.5669,2.5425,7.0855,0.4646,0.1405,3200,4.2703,4.3856,1.5428,200,16,5
lympho,inne-overlapping,Hypersphere (iNNE) Overlapping,idk,2026-05-24 15:49:56,148,18,irregular,sparse,low,small,3,ADBench,4.05,0.9897,0.0009,0.9883,0.9906,1.8852,2.4119,2.5563,6.8534,0.2313,0.1444,3200,4.2703,4.3856,1.5428,200,16,5
lympho,iforest,Axis-parallel (iForest),ik,2026-05-24 15:50:02,148,18,irregular,sparse,low,small,3,ADBench,4.05,0.9938,0.0026,0.9894,0.9971,1.1269,0.3201,0.3823,1.8293,0.3701,0.5432,1977,1.0,1.0,1.0,200,16,5
lympho,iforest,Axis-parallel (iForest),idk,2026-05-24 15:50:10,148,18,irregular,sparse,low,small,3,ADBench,4.05,0.9938,0.0026,0.9894,0.9971,1.4992,0.3888,0.7523,2.6402,0.2781,0.3764,1977,1.0,1.0,1.0,200,16,5
ionosphere,sciforest,Random hyperplane (SCiForest),ik,2026-05-24 15:50:47,351,32,elliptical,uniform,mid,small,2,ADBench,35.9,0.7919,0.0283,0.7514,0.8372,30.1835,29.0286,29.4056,88.6177,1.6002,0.0089,3067,1.0,1.0,1.0,200,16,5
ionosphere,sciforest,Random hyperplane (SCiForest),idk,2026-05-24 15:50:49,351,32,elliptical,uniform,mid,small,2,ADBench,35.9,0.7919,0.0283,0.7514,0.8372,29.6061,28.8815,29.2015,87.6891,1.1911,0.009,3067,1.0,1.0,1.0,200,16,5
syn_circles_ad,anne,Voronoi (aNNE),ik,2026-05-24 15:50:58,1000,2,nested,uniform,low,small,4,sklearn_gen,5.0,0.7745,0.0084,0.7658,0.7855,0.0542,1.1052,1.0245,2.1839,0.0038,0.3546,3200,1.0,1.0,1.0,200,16,5
syn_circles_ad,anne,Voronoi (aNNE),idk,2026-05-24 15:51:09,1000,2,nested,uniform,low,small,4,sklearn_gen,5.0,0.7745,0.0084,0.7658,0.7855,0.0618,0.9558,2.9529,3.9705,0.0191,0.1951,3200,1.0,1.0,1.0,200,16,5
syn_circles_ad,inne,Hypersphere (iNNE),ik,2026-05-24 15:52:08,1000,2,nested,uniform,low,small,4,sklearn_gen,5.0,0.9192,0.0058,0.9081,0.9242,2.0726,5.8718,6.0301,13.9745,0.2692,0.0658,3200,0.0777,0.0801,0.0314,200,16,5
lympho,sciforest,Random hyperplane (SCiForest),ik,2026-05-24 15:52:27,148,18,irregular,sparse,low,small,3,ADBench,4.05,0.9908,0.0071,0.98,1.0,10.9477,9.1521,8.8789,28.9788,0.4859,0.0342,2225,1.0,1.0,1.0,200,16,5
syn_circles_ad,inne,Hypersphere (iNNE),idk,2026-05-24 15:52:28,1000,2,nested,uniform,low,small,4,sklearn_gen,5.0,0.9019,0.0085,0.8881,0.9111,2.1985,5.9109,7.6285,15.738,0.3081,0.0573,3200,0.0777,0.0801,0.0314,200,16,5
lympho,sciforest,Random hyperplane (SCiForest),idk,2026-05-24 15:52:37,148,18,irregular,sparse,low,small,3,ADBench,4.05,0.9908,0.0071,0.98,1.0,10.4291,9.4284,9.5651,29.4226,0.4785,0.0337,2225,1.0,1.0,1.0,200,16,5
syn_circles_ad,iforest,Axis-parallel (iForest),ik,2026-05-24 15:52:43,1000,2,nested,uniform,low,small,4,sklearn_gen,5.0,0.7648,0.0037,0.76,0.7704,1.7766,0.4667,0.7209,2.9642,0.264,0.258,1897,1.0,1.0,1.0,200,16,5
syn_circles_ad,inne-overlapping,Hypersphere (iNNE) Overlapping,ik,2026-05-24 15:52:58,1000,2,nested,uniform,low,small,4,sklearn_gen,5.0,0.9175,0.0068,0.9065,0.9242,2.3567,3.5635,3.9614,9.8817,0.2188,0.0929,3200,0.0777,0.0801,0.0314,200,16,5
syn_circles_ad,iforest,Axis-parallel (iForest),idk,2026-05-24 15:53:00,1000,2,nested,uniform,low,small,4,sklearn_gen,5.0,0.7648,0.0037,0.76,0.7704,1.7026,0.5358,2.4708,4.7092,0.3075,0.1624,1897,1.0,1.0,1.0,200,16,5
thyroid,anne,Voronoi (aNNE),ik,2026-05-24 15:53:16,3772,6,mixed,varying,low,medium,5,ADBench,2.47,0.9158,0.0103,0.8993,0.9278,0.08,0.8841,2.0552,3.0193,0.0194,0.3033,3200,1.0,1.0,1.0,200,16,5
syn_circles_ad,inne-overlapping,Hypersphere (iNNE) Overlapping,idk,2026-05-24 15:53:22,1000,2,nested,uniform,low,small,4,sklearn_gen,5.0,0.8995,0.011,0.8848,0.9111,2.4566,3.323,5.2848,11.0644,0.1585,0.0813,3200,0.0777,0.0801,0.0314,200,16,5
thyroid,anne,Voronoi (aNNE),idk,2026-05-24 15:53:45,3772,6,mixed,varying,low,medium,5,ADBench,2.47,0.9158,0.0103,0.8993,0.9278,0.0678,0.8844,4.9133,5.8655,0.003,0.1561,3200,1.0,1.0,1.0,200,16,5
thyroid,inne,Hypersphere (iNNE),ik,2026-05-24 15:54:14,3772,6,mixed,varying,low,medium,5,ADBench,2.47,0.401,0.0097,0.3891,0.4161,1.8827,4.019,4.3306,10.2322,0.2028,0.0392,3200,0.0077,0.0076,0.0092,200,16,5
thyroid,inne-overlapping,Hypersphere (iNNE) Overlapping,ik,2026-05-24 15:54:50,3772,6,mixed,varying,low,medium,5,ADBench,2.47,0.3348,0.0579,0.2529,0.419,1.9211,2.652,2.7696,7.3426,0.0764,0.0456,3200,0.008,0.0079,0.0127,200,16,5
thyroid,inne,Hypersphere (iNNE),idk,2026-05-24 15:54:58,3772,6,mixed,varying,low,medium,5,ADBench,2.47,0.3993,0.0099,0.3867,0.4124,1.8519,3.9841,8.5877,14.4237,0.1631,0.0277,3200,0.0077,0.0076,0.0092,200,16,5
thyroid,iforest,Axis-parallel (iForest),ik,2026-05-24 15:55:27,3772,6,mixed,varying,low,medium,5,ADBench,2.47,0.9854,0.0063,0.9777,0.9922,1.5398,0.9283,3.3834,5.8515,0.4454,0.1684,1679,1.0,1.0,1.0,200,16,5
thyroid,inne-overlapping,Hypersphere (iNNE) Overlapping,idk,2026-05-24 15:56:16,3772,6,mixed,varying,low,medium,5,ADBench,2.47,0.3358,0.0543,0.2593,0.4165,2.1362,3.8184,10.982,16.9366,0.3337,0.0198,3200,0.008,0.0079,0.0127,200,16,5
thyroid,iforest,Axis-parallel (iForest),idk,2026-05-24 15:56:24,3772,6,mixed,varying,low,medium,5,ADBench,2.47,0.9854,0.0063,0.9777,0.9922,1.4419,0.8753,9.074,11.3912,0.2718,0.0865,1679,1.0,1.0,1.0,200,16,5
syn_moons_ad,sciforest,Random hyperplane (SCiForest),idk,2026-05-24 16:05:16,1000,2,crescent,uniform,low,medium,3,sklearn_gen,5.0,0.9355,0.0187,0.9018,0.9545,74.9114,72.5808,78.0276,225.5197,6.0152,0.0041,3168,1.0,1.0,1.0,200,16,5
cardio,anne,Voronoi (aNNE),ik,2026-05-24 16:05:29,1831,21,mixed,varying,mid,medium,5,ADBench,9.61,0.9537,0.0035,0.9487,0.9585,0.0585,1.1029,1.3865,2.5478,0.0025,0.3743,3200,1.0,1.0,1.0,200,16,5
cardio,anne,Voronoi (aNNE),idk,2026-05-24 16:05:45,1831,21,mixed,varying,mid,medium,5,ADBench,9.61,0.9537,0.0035,0.9487,0.9585,0.0559,0.6992,2.5622,3.3173,0.0076,0.2875,3200,1.0,1.0,1.0,200,16,5
syn_moons_ad,sciforest,Random hyperplane (SCiForest),ik,2026-05-24 16:05:55,1000,2,crescent,uniform,low,medium,3,sklearn_gen,5.0,0.9355,0.0187,0.9018,0.9545,79.9945,76.4481,78.2616,234.7042,4.5768,0.004,3168,1.0,1.0,1.0,200,16,5
cardio,inne,Hypersphere (iNNE),ik,2026-05-24 16:06:35,1831,21,mixed,varying,mid,medium,5,ADBench,9.61,0.3281,0.0194,0.2944,0.3506,1.8214,3.9599,4.1649,9.9461,0.263,0.033,3200,0.1635,0.1563,0.2313,200,16,5
cardio,inne,Hypersphere (iNNE),idk,2026-05-24 16:07:00,1831,21,mixed,varying,mid,medium,5,ADBench,9.61,0.4305,0.0309,0.386,0.4655,1.7673,4.6714,6.6165,13.0552,0.1646,0.033,3200,0.1635,0.1563,0.2313,200,16,5
cardio,inne-overlapping,Hypersphere (iNNE) Overlapping,ik,2026-05-24 16:07:23,1831,21,mixed,varying,mid,medium,5,ADBench,9.61,0.6037,0.0485,0.5615,0.6943,1.7377,3.6623,4.2025,9.6025,0.1966,0.0629,3200,0.4261,0.4283,0.4055,200,16,5
cardio,iforest,Axis-parallel (iForest),ik,2026-05-24 16:07:38,1831,21,mixed,varying,mid,medium,5,ADBench,9.61,0.9205,0.0115,0.9047,0.9383,1.0835,0.5375,1.1943,2.8153,0.1243,0.327,1810,1.0,1.0,1.0,200,16,5
cardio,inne-overlapping,Hypersphere (iNNE) Overlapping,idk,2026-05-24 16:08:13,1831,21,mixed,varying,mid,medium,5,ADBench,9.61,0.5979,0.05,0.5352,0.6656,1.9429,4.5633,8.0349,14.5411,0.2334,0.0411,3200,0.4261,0.4283,0.4055,200,16,5
cardio,iforest,Axis-parallel (iForest),idk,2026-05-24 16:08:14,1831,21,mixed,varying,mid,medium,5,ADBench,9.61,0.9205,0.0115,0.9047,0.9383,1.4395,0.6597,5.0212,7.1205,0.2794,0.1293,1810,1.0,1.0,1.0,200,16,5
syn_circles_ad,sciforest,Random hyperplane (SCiForest),ik,2026-05-24 16:12:38,1000,2,nested,uniform,low,small,4,sklearn_gen,5.0,0.7738,0.0105,0.7547,0.7835,81.0304,78.7971,79.1232,238.9507,3.8678,0.0032,3149,1.0,1.0,1.0,200,16,5
satellite,anne,Voronoi (aNNE),ik,2026-05-24 16:13:11,6435,36,mixed,varying,high,large,6,ADBench,31.64,0.7784,0.0025,0.7749,0.7811,0.0924,1.8275,4.6525,6.5724,0.0173,0.1184,3200,1.0,1.0,1.0,200,16,5
syn_circles_ad,sciforest,Random hyperplane (SCiForest),idk,2026-05-24 16:13:21,1000,2,nested,uniform,low,small,4,sklearn_gen,5.0,0.7739,0.0105,0.7547,0.7835,82.7982,79.6759,82.1878,244.6619,2.672,0.0032,3149,1.0,1.0,1.0,200,16,5
satellite,anne,Voronoi (aNNE),idk,2026-05-24 16:14:01,6435,36,mixed,varying,high,large,6,ADBench,31.64,0.7784,0.0025,0.7749,0.7811,0.0771,1.5153,8.23,9.8224,0.005,0.0792,3200,1.0,1.0,1.0,200,16,5
satellite,inne,Hypersphere (iNNE),ik,2026-05-24 16:14:33,6435,36,mixed,varying,high,large,6,ADBench,31.64,0.5526,0.0278,0.5086,0.5909,2.0184,6.1466,6.0232,14.1881,0.5526,0.0389,3200,0.2169,0.1926,0.2694,200,16,5
satellite,inne-overlapping,Hypersphere (iNNE) Overlapping,ik,2026-05-24 16:16:24,6435,36,mixed,varying,high,large,6,ADBench,31.64,0.4494,0.0351,0.3927,0.4975,2.2563,5.8854,14.0624,22.2042,0.2207,0.0202,3200,0.6733,0.6573,0.7077,200,16,5
satellite,inne,Hypersphere (iNNE),idk,2026-05-24 16:16:25,6435,36,mixed,varying,high,large,6,ADBench,31.64,0.6594,0.0361,0.6291,0.7238,2.3916,8.1022,18.291,28.7848,0.3943,0.0229,3200,0.2169,0.1926,0.2694,200,16,5
vowels,sciforest,Random hyperplane (SCiForest),ik,2026-05-24 16:16:54,1456,12,irregular,uniform,low,medium,3,ADBench,3.43,0.7423,0.0724,0.6415,0.8219,115.4705,112.1274,113.4872,341.0851,3.6257,0.0022,3149,1.0,1.0,1.0,200,16,5
satellite,iforest,Axis-parallel (iForest),ik,2026-05-24 16:17:17,6435,36,mixed,varying,high,large,6,ADBench,31.64,0.6449,0.0285,0.6118,0.6909,2.0196,1.3215,6.8634,10.2044,0.4826,0.0632,1881,1.0,1.0,1.0,200,16,5
vowels,sciforest,Random hyperplane (SCiForest),idk,2026-05-24 16:17:50,1456,12,irregular,uniform,low,medium,3,ADBench,3.43,0.7423,0.0724,0.6414,0.8219,116.0255,115.4596,119.8495,351.3346,1.1702,0.0021,3149,1.0,1.0,1.0,200,16,5
satellite,iforest,Axis-parallel (iForest),idk,2026-05-24 16:18:12,6435,36,mixed,varying,high,large,6,ADBench,31.64,0.6449,0.0285,0.6118,0.6909,2.0542,1.3542,12.1821,15.5906,1.0195,0.0414,1881,1.0,1.0,1.0,200,16,5
musk,anne,Voronoi (aNNE),ik,2026-05-24 16:18:29,3062,166,mixed,uniform,vhigh,medium,6,ADBench,3.17,0.9732,0.009,0.961,0.9839,0.0789,1.2446,2.0001,3.3236,0.0163,0.2928,3200,1.0,1.0,1.0,200,16,5
satellite,inne-overlapping,Hypersphere (iNNE) Overlapping,idk,2026-05-24 16:18:57,6435,36,mixed,varying,high,large,6,ADBench,31.64,0.4911,0.0071,0.4846,0.5006,2.0708,8.2475,20.1597,30.478,0.4571,0.0161,3200,0.6733,0.6573,0.7077,200,16,5
musk,anne,Voronoi (aNNE),idk,2026-05-24 16:19:06,3062,166,mixed,uniform,vhigh,medium,6,ADBench,3.17,0.9732,0.009,0.961,0.9839,0.0917,1.2217,5.9782,7.2916,0.0307,0.1335,3200,1.0,1.0,1.0,200,16,5
musk,inne,Hypersphere (iNNE),ik,2026-05-24 16:20:24,3062,166,mixed,uniform,vhigh,medium,6,ADBench,3.17,0.9911,0.0037,0.9857,0.9954,2.4643,7.1986,7.5822,17.245,0.331,0.0575,3200,0.9411,0.9436,0.8649,200,16,5
musk,inne,Hypersphere (iNNE),idk,2026-05-24 16:21:05,3062,166,mixed,uniform,vhigh,medium,6,ADBench,3.17,0.986,0.0058,0.9758,0.9918,2.6685,7.9124,13.2174,23.7983,0.5703,0.0414,3200,0.9411,0.9436,0.8649,200,16,5
musk,inne-overlapping,Hypersphere (iNNE) Overlapping,idk,2026-05-24 16:26:18,3062,166,mixed,uniform,vhigh,medium,6,ADBench,3.17,0.0138,0.0065,0.0051,0.0251,3.1872,22.3823,36.9148,62.4843,0.6126,0.0002,3200,11.369,11.3871,10.814,200,16,5
musk,iforest,Axis-parallel (iForest),ik,2026-05-24 16:26:46,3062,166,mixed,uniform,vhigh,medium,6,ADBench,3.17,0.867,0.0426,0.794,0.9187,2.2466,0.9967,2.276,5.5193,0.7836,0.1571,1895,1.0,1.0,1.0,200,16,5
musk,inne-overlapping,Hypersphere (iNNE) Overlapping,ik,2026-05-24 16:27:40,3062,166,mixed,uniform,vhigh,medium,6,ADBench,3.17,0.5819,0.0379,0.5187,0.6328,2.62,16.22,68.3711,87.211,0.4364,0.0067,3200,11.369,11.3871,10.814,200,16,5
musk,iforest,Axis-parallel (iForest),idk,2026-05-24 16:27:58,3062,166,mixed,uniform,vhigh,medium,6,ADBench,3.17,0.867,0.0426,0.794,0.9187,3.356,1.3428,9.6816,14.3804,0.492,0.0603,1895,1.0,1.0,1.0,200,16,5
cardio,sciforest,Random hyperplane (SCiForest),idk,2026-05-24 16:41:46,1831,21,mixed,varying,mid,medium,5,ADBench,9.61,0.924,0.0182,0.8914,0.9427,140.7259,135.1078,126.6389,402.4726,18.0299,0.0023,2991,1.0,1.0,1.0,200,16,5
optdigits,anne,Voronoi (aNNE),ik,2026-05-24 16:42:09,5216,64,mixed,uniform,high,medium,6,ADBench,2.88,0.8474,0.0534,0.7745,0.9267,0.0819,1.2799,3.0303,4.3921,0.0109,0.1929,3200,1.0,1.0,1.0,200,16,5
cardio,sciforest,Random hyperplane (SCiForest),ik,2026-05-24 16:42:49,1831,21,mixed,varying,mid,medium,5,ADBench,9.61,0.924,0.0183,0.8914,0.9427,143.6978,141.128,130.2809,415.1067,19.8325,0.0022,2991,1.0,1.0,1.0,200,16,5
optdigits,anne,Voronoi (aNNE),idk,2026-05-24 16:42:59,5216,64,mixed,uniform,high,medium,6,ADBench,2.88,0.8474,0.0534,0.7745,0.9267,0.0789,1.2261,8.6584,9.9634,0.0067,0.085,3200,1.0,1.0,1.0,200,16,5
optdigits,inne,Hypersphere (iNNE),ik,2026-05-24 16:44:47,5216,64,mixed,uniform,high,medium,6,ADBench,2.88,0.8666,0.0494,0.7929,0.941,2.9053,9.1821,11.273,23.3603,0.1388,0.0371,3200,0.9348,0.9354,0.9131,200,16,5
optdigits,inne,Hypersphere (iNNE),idk,2026-05-24 16:46:00,5216,64,mixed,uniform,high,medium,6,ADBench,2.88,0.8652,0.0535,0.7921,0.9467,2.7768,10.9676,22.2531,35.9975,0.5954,0.024,3200,0.9348,0.9354,0.9131,200,16,5
optdigits,inne-overlapping,Hypersphere (iNNE) Overlapping,idk,2026-05-24 16:53:54,5216,64,mixed,uniform,high,medium,6,ADBench,2.88,0.3539,0.0376,0.2894,0.405,3.9019,32.7379,58.1669,94.8067,0.4433,0.0037,3200,12.3493,12.3491,12.3547,200,16,5
optdigits,iforest,Axis-parallel (iForest),ik,2026-05-24 16:54:50,5216,64,mixed,uniform,high,medium,6,ADBench,2.88,0.7252,0.0284,0.6785,0.7626,3.4217,1.8297,5.7897,11.0411,0.2121,0.0657,1916,1.0,1.0,1.0,200,16,5
optdigits,iforest,Axis-parallel (iForest),idk,2026-05-24 16:56:16,5216,64,mixed,uniform,high,medium,6,ADBench,2.88,0.7252,0.0284,0.6785,0.7626,3.3375,1.786,11.9259,17.0494,0.2317,0.0425,1916,1.0,1.0,1.0,200,16,5
optdigits,inne-overlapping,Hypersphere (iNNE) Overlapping,ik,2026-05-24 17:03:10,5216,64,mixed,uniform,high,medium,6,ADBench,2.88,0.4928,0.0216,0.4508,0.51,3.203,24.149,193.2587,220.6107,0.8425,0.0022,3200,12.3493,12.3491,12.3547,200,16,5
thyroid,sciforest,Random hyperplane (SCiForest),ik,2026-05-24 17:14:14,3772,6,mixed,varying,low,medium,5,ADBench,2.47,0.9628,0.0145,0.9451,0.9846,323.6544,304.9848,306.9187,935.5579,6.4575,0.001,3076,1.0,1.0,1.0,200,16,5
pendigits,anne,Voronoi (aNNE),ik,2026-05-24 17:14:49,6870,16,mixed,uniform,low,large,6,ADBench,2.27,0.9395,0.021,0.9015,0.9651,0.0815,1.8222,5.0112,6.9149,0.012,0.1359,3200,1.0,1.0,1.0,200,16,5
thyroid,sciforest,Random hyperplane (SCiForest),idk,2026-05-24 17:15:31,3772,6,mixed,varying,low,medium,5,ADBench,2.47,0.9628,0.0145,0.9451,0.9846,330.3737,296.123,322.7313,949.228,6.0882,0.001,3076,1.0,1.0,1.0,200,16,5
pendigits,anne,Voronoi (aNNE),idk,2026-05-24 17:16:06,6870,16,mixed,uniform,low,large,6,ADBench,2.27,0.9395,0.021,0.9015,0.965,0.0868,1.7889,13.4242,15.2999,0.0291,0.0614,3200,1.0,1.0,1.0,200,16,5
pendigits,inne,Hypersphere (iNNE),ik,2026-05-24 17:17:17,6870,16,mixed,uniform,low,large,6,ADBench,2.27,0.8893,0.0358,0.8211,0.9157,1.9916,8.1513,10.9172,21.0601,0.2608,0.0422,3200,0.4716,0.4723,0.441,200,16,5
pendigits,inne,Hypersphere (iNNE),idk,2026-05-24 17:18:28,6870,16,mixed,uniform,low,large,6,ADBench,2.27,0.9137,0.0248,0.8739,0.9472,2.3626,7.0697,19.0117,28.444,0.794,0.0321,3200,0.4716,0.4723,0.441,200,16,5
pendigits,inne-overlapping,Hypersphere (iNNE) Overlapping,idk,2026-05-24 17:19:38,6870,16,mixed,uniform,low,large,6,ADBench,2.27,0.8216,0.0471,0.7403,0.8735,1.0467,4.8535,7.957,13.8572,0.1231,0.0593,3200,1.8401,1.8529,1.2921,200,16,5
pendigits,inne-overlapping,Hypersphere (iNNE) Overlapping,ik,2026-05-24 17:20:12,6870,16,mixed,uniform,low,large,6,ADBench,2.27,0.9128,0.0188,0.877,0.9309,1.7462,6.5033,26.7145,34.964,0.491,0.0261,3200,1.8401,1.8529,1.2921,200,16,5
pendigits,iforest,Axis-parallel (iForest),ik,2026-05-24 17:20:18,6870,16,mixed,uniform,low,large,6,ADBench,2.27,0.9432,0.0057,0.9375,0.9505,1.0794,1.1455,5.8641,8.089,0.2553,0.1166,1980,1.0,1.0,1.0,200,16,5
pendigits,iforest,Axis-parallel (iForest),idk,2026-05-24 17:21:20,6870,16,mixed,uniform,low,large,6,ADBench,2.27,0.9432,0.0057,0.9375,0.9505,1.3855,1.0095,11.2068,13.6017,0.6691,0.0693,1980,1.0,1.0,1.0,200,16,5
musk,sciforest,Random hyperplane (SCiForest),idk,2026-05-24 17:24:40,3062,166,mixed,uniform,vhigh,medium,6,ADBench,3.17,0.9119,0.0782,0.7652,0.9841,224.0321,223.9947,232.15,680.1767,29.2332,0.0013,3144,1.0,1.0,1.0,200,16,5
syn_large_10k,anne,Voronoi (aNNE),ik,2026-05-24 17:25:34,10000,2,spherical,uniform,low,large,7,sklearn_gen,20.0,0.5996,0.1125,0.4536,0.7216,0.1008,1.7711,8.8224,10.6943,0.0207,0.0561,3200,1.0,1.0,1.0,200,16,5
musk,sciforest,Random hyperplane (SCiForest),ik,2026-05-24 17:26:22,3062,166,mixed,uniform,vhigh,medium,6,ADBench,3.17,0.9119,0.0782,0.7652,0.9841,234.6507,240.1789,229.3948,704.2243,23.8002,0.0013,3144,1.0,1.0,1.0,200,16,5
syn_large_10k,anne,Voronoi (aNNE),idk,2026-05-24 17:27:16,10000,2,spherical,uniform,low,large,7,sklearn_gen,20.0,0.5996,0.1125,0.4536,0.7216,0.1421,2.4161,17.7653,20.3235,0.0667,0.0295,3200,1.0,1.0,1.0,200,16,5
syn_large_10k,inne,Hypersphere (iNNE),ik,2026-05-24 17:28:08,10000,2,spherical,uniform,low,large,7,sklearn_gen,20.0,0.6209,0.1107,0.5277,0.8234,2.1277,8.9938,9.9979,21.1194,0.2668,0.0294,3200,0.0412,0.0464,0.0207,200,16,5
syn_large_10k,inne-overlapping,Hypersphere (iNNE) Overlapping,ik,2026-05-24 17:29:12,10000,2,spherical,uniform,low,large,7,sklearn_gen,20.0,0.6209,0.1107,0.5277,0.8234,2.157,4.7208,5.9216,12.7994,0.3923,0.0485,3200,0.0413,0.0464,0.0207,200,16,5
syn_large_10k,inne,Hypersphere (iNNE),idk,2026-05-24 17:30:10,10000,2,spherical,uniform,low,large,7,sklearn_gen,20.0,0.6265,0.1111,0.5294,0.8233,2.1934,8.7051,23.865,34.7635,0.4469,0.018,3200,0.0412,0.0464,0.0207,200,16,5
syn_large_10k,iforest,Axis-parallel (iForest),ik,2026-05-24 17:32:00,10000,2,spherical,uniform,low,large,7,sklearn_gen,20.0,0.3983,0.0486,0.3439,0.4816,3.2839,2.0388,16.4665,21.7892,1.0611,0.0183,1966,1.0,1.0,1.0,200,16,5
syn_large_10k,inne-overlapping,Hypersphere (iNNE) Overlapping,idk,2026-05-24 17:32:31,10000,2,spherical,uniform,low,large,7,sklearn_gen,20.0,0.6265,0.1111,0.5294,0.8233,3.1576,8.2228,28.3116,39.692,1.1097,0.0158,3200,0.0413,0.0464,0.0207,200,16,5
syn_large_10k,iforest,Axis-parallel (iForest),idk,2026-05-24 17:34:20,10000,2,spherical,uniform,low,large,7,sklearn_gen,20.0,0.3983,0.0486,0.3439,0.4816,2.3406,1.7969,23.7789,27.9164,0.8179,0.0143,1966,1.0,1.0,1.0,200,16,5
optdigits,sciforest,Random hyperplane (SCiForest),ik,2026-05-24 18:12:07,5216,64,mixed,uniform,high,medium,6,ADBench,2.88,0.6645,0.0499,0.5972,0.7238,287.584,310.8237,311.6777,910.0853,24.4485,0.0007,2331,1.0,1.0,1.0,200,16,5
syn_large_20k,anne,Voronoi (aNNE),ik,2026-05-24 18:13:01,10000,2,spherical,uniform,low,large,7,sklearn_gen,19.62,0.5727,0.0968,0.4013,0.6854,0.1928,1.9459,8.4213,10.56,0.1414,0.0542,3200,1.0,1.0,1.0,200,16,5
syn_large_20k,anne,Voronoi (aNNE),idk,2026-05-24 18:14:40,10000,2,spherical,uniform,low,large,7,sklearn_gen,19.62,0.5727,0.0968,0.4013,0.6854,0.219,1.7316,17.7048,19.6554,0.1532,0.0291,3200,1.0,1.0,1.0,200,16,5
satellite,sciforest,Random hyperplane (SCiForest),ik,2026-05-24 18:16:39,6435,36,mixed,varying,high,large,6,ADBench,31.64,0.6718,0.0271,0.6389,0.7124,486.0009,494.3574,451.9921,1432.3504,32.0801,0.0005,3129,1.0,1.0,1.0,200,16,5
syn_large_20k,inne,Hypersphere (iNNE),ik,2026-05-24 18:16:54,10000,2,spherical,uniform,low,large,7,sklearn_gen,19.62,0.6111,0.0805,0.5311,0.743,2.1519,11.9342,12.8153,26.9015,0.6131,0.0227,3200,0.0389,0.0423,0.0249,200,16,5
syn_large_20k,inne-overlapping,Hypersphere (iNNE) Overlapping,ik,2026-05-24 18:17:28,10000,2,spherical,uniform,low,large,7,sklearn_gen,19.62,0.6111,0.0805,0.5311,0.743,1.0821,2.4265,3.2471,6.7556,0.0364,0.0905,3200,0.0389,0.0423,0.0249,200,16,5
syn_large_20k,inne,Hypersphere (iNNE),idk,2026-05-24 18:18:53,10000,2,spherical,uniform,low,large,7,sklearn_gen,19.62,0.627,0.0914,0.5338,0.7753,1.4913,5.5388,19.7084,26.7385,0.4864,0.0235,3200,0.0389,0.0423,0.0249,200,16,5
optdigits,sciforest,Random hyperplane (SCiForest),idk,2026-05-24 18:20:15,5216,64,mixed,uniform,high,medium,6,ADBench,2.88,0.6645,0.0499,0.5972,0.7238,306.0076,291.6604,327.1535,924.8216,13.1591,0.0007,2331,1.0,1.0,1.0,200,16,5
syn_large_20k,iforest,Axis-parallel (iForest),ik,2026-05-24 18:20:28,10000,2,spherical,uniform,low,large,7,sklearn_gen,19.62,0.3868,0.0303,0.3372,0.4236,2.8578,1.8972,14.1246,18.8795,0.9344,0.0205,1967,1.0,1.0,1.0,200,16,5
syn_large_20k,inne-overlapping,Hypersphere (iNNE) Overlapping,idk,2026-05-24 18:20:46,10000,2,spherical,uniform,low,large,7,sklearn_gen,19.62,0.627,0.0914,0.5338,0.7753,2.3579,8.8151,28.1975,39.3705,0.9535,0.0159,3200,0.0389,0.0423,0.0249,200,16,5
satellite,sciforest,Random hyperplane (SCiForest),idk,2026-05-24 18:21:58,6435,36,mixed,varying,high,large,6,ADBench,31.64,0.6718,0.0271,0.6389,0.7124,503.7794,498.7329,487.0391,1489.5514,30.7398,0.0005,3129,1.0,1.0,1.0,200,16,5
annthyroid,anne,Voronoi (aNNE),ik,2026-05-24 18:22:38,7200,6,mixed,varying,low,large,7,ADBench,7.42,0.6353,0.0051,0.628,0.6415,0.0815,2.1903,5.6456,7.9174,0.0065,0.0802,3200,1.0,1.0,1.0,200,16,5
syn_large_20k,iforest,Axis-parallel (iForest),idk,2026-05-24 18:23:11,10000,2,spherical,uniform,low,large,7,sklearn_gen,19.62,0.3868,0.0303,0.3372,0.4236,3.557,2.1512,29.2952,35.0035,1.1257,0.0111,1967,1.0,1.0,1.0,200,16,5
annthyroid,anne,Voronoi (aNNE),idk,2026-05-24 18:23:43,7200,6,mixed,varying,low,large,7,ADBench,7.42,0.6353,0.0051,0.628,0.6415,0.0789,1.579,10.9407,12.5986,0.008,0.0504,3200,1.0,1.0,1.0,200,16,5
annthyroid,inne,Hypersphere (iNNE),ik,2026-05-24 18:24:26,7200,6,mixed,varying,low,large,7,ADBench,7.42,0.5266,0.0071,0.5173,0.5328,2.1494,6.2795,6.4651,14.894,0.5841,0.0354,3200,0.0047,0.0047,0.0043,200,16,5
annthyroid,inne-overlapping,Hypersphere (iNNE) Overlapping,ik,2026-05-24 18:25:13,7200,6,mixed,varying,low,large,7,ADBench,7.42,0.5034,0.1789,0.2418,0.6884,2.028,3.3301,3.9617,9.3198,0.3766,0.054,3200,0.0079,0.0079,0.0085,200,16,5
annthyroid,inne,Hypersphere (iNNE),idk,2026-05-24 18:25:54,7200,6,mixed,varying,low,large,7,ADBench,7.42,0.5274,0.0068,0.5187,0.5338,1.9217,5.8445,18.348,26.1143,0.3609,0.0202,3200,0.0047,0.0047,0.0043,200,16,5
annthyroid,iforest,Axis-parallel (iForest),ik,2026-05-24 18:27:04,7200,6,mixed,varying,low,large,7,ADBench,7.42,0.8533,0.0126,0.8385,0.8687,2.8285,1.6635,9.5653,14.0572,0.5834,0.0607,1692,1.0,1.0,1.0,200,16,5
annthyroid,inne-overlapping,Hypersphere (iNNE) Overlapping,idk,2026-05-24 18:27:45,7200,6,mixed,varying,low,large,7,ADBench,7.42,0.4632,0.1433,0.272,0.6768,2.2537,4.7118,23.34,30.3056,0.3686,0.0153,3200,0.0079,0.0079,0.0085,200,16,5
annthyroid,iforest,Axis-parallel (iForest),idk,2026-05-24 18:29:16,7200,6,mixed,varying,low,large,7,ADBench,7.42,0.8533,0.0126,0.8385,0.8687,2.831,1.7122,21.7072,26.2504,1.0332,0.0325,1692,1.0,1.0,1.0,200,16,5
pendigits,sciforest,Random hyperplane (SCiForest),ik,2026-05-24 19:25:23,6870,16,mixed,uniform,low,large,6,ADBench,2.27,0.8639,0.0911,0.728,0.9786,509.0417,476.7321,514.9871,1500.761,23.2371,0.0006,3151,1.0,1.0,1.0,200,16,5
shuttle,anne,Voronoi (aNNE),ik,2026-05-24 19:26:18,10000,9,mixed,uniform,low,large,7,ADBench,7.36,0.8511,0.0369,0.7899,0.9028,0.1223,1.9581,8.8338,10.9143,0.0385,0.078,3200,1.0,1.0,1.0,200,16,5
shuttle,anne,Voronoi (aNNE),idk,2026-05-24 19:28:29,10000,9,mixed,uniform,low,large,7,ADBench,7.36,0.8511,0.0369,0.7899,0.9028,0.1639,2.5848,23.2325,25.9812,0.1332,0.0328,3200,1.0,1.0,1.0,200,16,5
pendigits,sciforest,Random hyperplane (SCiForest),idk,2026-05-24 19:31:19,6870,16,mixed,uniform,low,large,6,ADBench,2.27,0.8639,0.0911,0.728,0.9786,510.5266,507.669,541.3477,1559.5432,4.4752,0.0006,3151,1.0,1.0,1.0,200,16,5
shuttle,inne,Hypersphere (iNNE),ik,2026-05-24 19:31:23,10000,9,mixed,uniform,low,large,7,ADBench,7.36,0.0382,0.0024,0.0362,0.0428,2.4027,16.1469,16.2058,34.7553,0.5154,0.0011,3200,0.0427,0.0213,0.3123,200,16,5
shuttle,inne-overlapping,Hypersphere (iNNE) Overlapping,ik,2026-05-24 19:32:43,10000,9,mixed,uniform,low,large,7,ADBench,7.36,0.0354,0.0052,0.0256,0.0409,2.602,6.3789,6.9202,15.9011,0.6263,0.0022,3200,0.0432,0.0216,0.3147,200,16,5
shuttle,inne,Hypersphere (iNNE),idk,2026-05-24 19:34:27,10000,9,mixed,uniform,low,large,7,ADBench,7.36,0.0452,0.0024,0.0408,0.0481,1.9475,11.5359,24.1304,37.6138,0.4573,0.0012,3200,0.0427,0.0213,0.3123,200,16,5
shuttle,iforest,Axis-parallel (iForest),ik,2026-05-24 19:36:22,10000,9,mixed,uniform,low,large,7,ADBench,7.36,0.9932,0.0005,0.9927,0.9939,1.9137,1.725,19.3193,22.958,0.7725,0.0433,1657,1.0,1.0,1.0,200,16,5
shuttle,inne-overlapping,Hypersphere (iNNE) Overlapping,idk,2026-05-24 19:36:35,10000,9,mixed,uniform,low,large,7,ADBench,7.36,0.0495,0.0098,0.0408,0.0684,2.4651,8.4903,35.2293,46.1847,0.7691,0.0011,3200,0.0432,0.0216,0.3147,200,16,5
shuttle,iforest,Axis-parallel (iForest),idk,2026-05-24 19:39:38,10000,9,mixed,uniform,low,large,7,ADBench,7.36,0.9932,0.0005,0.9927,0.9939,3.8144,2.4168,32.7094,38.9406,1.1491,0.0255,1657,1.0,1.0,1.0,200,16,5
syn_large_10k,sciforest,Random hyperplane (SCiForest),idk,2026-05-24 20:25:35,10000,2,spherical,uniform,low,large,7,sklearn_gen,20.0,0.4662,0.0499,0.4009,0.555,687.7654,657.2031,709.7576,2054.7262,18.0588,0.0002,3166,1.0,1.0,1.0,200,16,5
syn_large_10k,sciforest,Random hyperplane (SCiForest),ik,2026-05-24 20:32:13,10000,2,spherical,uniform,low,large,7,sklearn_gen,20.0,0.4662,0.0499,0.4009,0.555,726.6294,716.8104,712.6722,2156.1121,21.2043,0.0002,3166,1.0,1.0,1.0,200,16,5
annthyroid,sciforest,Random hyperplane (SCiForest),ik,2026-05-24 20:45:20,7200,6,mixed,varying,low,large,7,ADBench,7.42,0.6922,0.0414,0.6405,0.7441,559.6104,544.5047,546.7949,1650.91,9.8958,0.0004,3085,1.0,1.0,1.0,200,16,5
annthyroid,sciforest,Random hyperplane (SCiForest),idk,2026-05-24 20:46:46,7200,6,mixed,varying,low,large,7,ADBench,7.42,0.6922,0.0414,0.6405,0.7441,547.1398,543.461,559.1692,1649.7701,33.9301,0.0004,3085,1.0,1.0,1.0,200,16,5
syn_large_20k,sciforest,Random hyperplane (SCiForest),idk,2026-05-24 20:58:20,10000,2,spherical,uniform,low,large,7,sklearn_gen,19.62,0.552,0.1424,0.4282,0.82,650.3195,621.5637,618.8516,1890.7349,64.2501,0.0003,3169,1.0,1.0,1.0,200,16,5
syn_large_20k,sciforest,Random hyperplane (SCiForest),ik,2026-05-24 20:58:49,10000,2,spherical,uniform,low,large,7,sklearn_gen,19.62,0.552,0.1424,0.4282,0.82,653.7413,640.828,605.4272,1899.9965,75.4093,0.0003,3169,1.0,1.0,1.0,200,16,5
shuttle,sciforest,Random hyperplane (SCiForest),idk,2026-05-24 22:04:00,10000,9,mixed,uniform,low,large,7,ADBench,7.36,0.9865,0.0084,0.9716,0.9961,472.2772,886.5307,373.6527,1732.4605,260.8066,0.0006,3003,1.0,1.0,1.0,200,16,5
shuttle,sciforest,Random hyperplane (SCiForest),ik,2026-05-24 22:04:12,10000,9,mixed,uniform,low,large,7,ADBench,7.36,0.9865,0.0084,0.9716,0.9961,474.4622,432.4832,864.5824,1771.5278,256.7116,0.0006,3003,1.0,1.0,1.0,200,16,5
